\begin{thebibliography}{9}

%% article{Sjostrand:2007gs,
@article{PYTHIA,
      author         = "Sjostrand, Torbjorn and Mrenna, Stephen and Skands, Peter
                        Z.",
      title          = "{A Brief Introduction to PYTHIA 8.1}",
      journal        = "Comput. Phys. Commun.",
      volume         = "178",
      year           = "2008",
      pages          = "852-867",
      doi            = "10.1016/j.cpc.2008.01.036",
      eprint         = "0710.3820",
      archivePrefix  = "arXiv",
      primaryClass   = "hep-ph",
      reportNumber   = "CERN-LCGAPP-2007-04, LU-TP-07-28,
                        FERMILAB-PUB-07-512-CD-T",
      SLACcitation   = "%%CITATION = ARXIV:0710.3820;%%"
}

@Article{Agashe:2014kda,
 author        = "Brian D. Fields and Paolo Molaro and Subir Sarkar",
 collaboration = "Particle Data Group",
 title         = "Big-Bang Nucleosynthesis",
 journal       = "Chin.Phys.",
 volume        = "C38",
 pages         = "090001",
 year          = "2014",
 eprint        = "1412.1408",
 archivePrefix = "arXiv",
 primaryClass  = "astro-ph",
}

%% http://inspirehep.net/record/99714?ln=en
@article{Cabibbo:1975ig,
      author         = "Cabibbo, N. and Parisi, G.",
      title          = "{Exponential Hadronic Spectrum and Quark Liberation}",
      journal        = "Phys.Lett.",
      volume         = "B59",
      pages          = "67-69",
      doi            = "10.1016/0370-2693(75)90158-6",
      year           = "1975",
      reportNumber   = "INFN-ROME-620",
      SLACcitation   = "%%CITATION = PHLTA,B59,67;%%",
}

%% via http://inspirehep.net/info/hep/stats/topcites/2000/eprints/by_nucl-ex_annual.html
%% http://inspirehep.net/record/131674
@article{Shuryak:1978ij,
      author         = "Shuryak, Edward V.",
      title          = "{Quark-Gluon Plasma and Hadronic Production of Leptons,
                        Photons and Psions}",
      journal        = "Phys.Lett.",
      volume         = "B78",
      pages          = "150",
      doi            = "10.1016/0370-2693(78)90370-2",
      year           = "1978",
      reportNumber   = "IYF-78-24",
      SLACcitation   = "%%CITATION = PHLTA,B78,150;%%",
}

%% http://inspirehep.net/record/154100?ln=en
@article{McLerran:1980pk,
      author         = "McLerran, Larry D. and Svetitsky, Benjamin",
      title          = "{A Monte Carlo Study of SU(2) Yang-Mills Theory at Finite
                        Temperature}",
      journal        = "Phys.Lett.",
      volume         = "B98",
      pages          = "195",
      doi            = "10.1016/0370-2693(81)90986-2",
      year           = "1981",
      reportNumber   = "SLAC-PUB-2572",
      SLACcitation   = "%%CITATION = PHLTA,B98,195;%%",
}

%% http://inspirehep.net/record/213619?ln=energy
@article{Cleymans:1985wb,
      author         = "Cleymans, J. and Gavai, R.V. and Suhonen, E.",
      title          = "{Quarks and Gluons at High Temperatures and Densities}",
      journal        = "Phys.Rept.",
      volume         = "130",
      pages          = "217",
      doi            = "10.1016/0370-1573(86)90169-9",
      year           = "1986",
      reportNumber   = "BI-TP-85-05",
      SLACcitation   = "%%CITATION = PRPLC,130,217;%%",
}

%% from:
%% http://inspirehep.net/record/197669/citations?ln=en
%% http://inspirehep.net/record/206301?ln=en 
@article{Shuryak:1984nq,
      author         = "Shuryak, Edward V.",
      title          = "{THEORY AND PHENOMENOLOGY OF THE QCD VACUUM. 7.
                        MACROSCOPIC EXCITATIONS}",
      journal        = "Phys.Rept.",
      volume         = "115",
      pages          = "151",
      year           = "1984",
      reportNumber   = "IYF-84-20",
      SLACcitation   = "%%CITATION = PRPLC,115,151;%%",
}

%% http://inspirehep.net/record/181746
@article{Bjorken:1982tu,
      author         = "Bjorken, J.D.",
      title          = "{Energy Loss of Energetic Partons in Quark - Gluon
                        Plasma: Possible Extinction of High p(t) Jets in Hadron -
                        Hadron Collisions}",
      year           = "1982",
      reportNumber   = "FERMILAB-PUB-82-059-THY, FERMILAB-PUB-82-059-T",
      SLACcitation   = "%%CITATION = FERMILAB-PUB-82-059-THY ETC.;%%",
}

%% http://inspirehep.net/record/863473?ln=en
@article{Brun:1994aa,
      author         = "Brun, Rene and Carminati, Federico and Giani, Simone",
      title          = "{GEANT Detector Description and Simulation Tool}",
      year           = "1994",
      reportNumber   = "CERN-W5013, CERN-W-5013",
      SLACcitation   = "%%CITATION = CERN-W5013 ETC.;%%",
}

%% http://inspirehep.net/record/760682?ln=en
@article{Battistoni:2007zzb,
      author         = "Battistoni, Giuseppe and Muraro, S. and Sala, Paola R.
                        and Cerutti, Fabio and Ferrari, A. and others",
      title          = "{The FLUKA code: Description and benchmarking}",
      journal        = "AIP Conf.Proc.",
      volume         = "896",
      pages          = "31-49",
      doi            = "10.1063/1.2720455",
      year           = "2007",
      reportNumber   = "SLAC-REPRINT-2007-184",
      SLACcitation   = "%%CITATION = APCPC,896,31;%%",
}

%%http://inspirehep.net/record/609488?ln=en
@article{Ellis:2002bz,
      author         = "Ellis, N. and Fleischer, R.",
      editor         = "Ellis, N.",
      title          = "{2002 European School of high-energy physics, Pylos,
                        Greece, 25 Aug-7 Sep 2002: Proceedings}",
      year           = "2002",
      reportNumber   = "CERN-2004-001",
      SLACcitation   = "%%CITATION = CERN-2004-001 ETC.;%%",
}

%%http://inspirehep.net/record/141001?ln=en
@article{Krzywicki:1979gv,
      author         = "Krzywicki, A. and Engels, J. and Petersson, B. and
                        Sukhatme, U.",
      title          = "{Does a Nucleus Act Like a Gluon Filter?}",
      journal        = "Phys.Lett.",
      volume         = "B85",
      pages          = "407",
      doi            = "10.1016/0370-2693(79)91284-X",
      year           = "1979",
      reportNumber   = "BI-TP 79/14",
      SLACcitation   = "%%CITATION = PHLTA,B85,407;%%",
}

 @article{Satz:2000bn, author = "Satz, Helmut", title = "{Color deconfinement in nuclear collisions}", journal = "Rept.Prog.Phys.", volume = "63", pages = "1511", doi = "10.1088/0034-4885/63/9/203", year = "2000", eprint = "hep-ph/0007069", archivePrefix = "arXiv", primaryClass = "hep-ph", reportNumber = "BI-TP-2000-23", SLACcitation = "%%CITATION = HEP-PH/0007069;%%",}  
 @article{Bass:1998vz, author = "Bass, S.A. and Gyulassy, M. and Stoecker, Horst and Greiner, W.", title = "{Signatures of quark gluon plasma formation in high-energy heavy ion collisions: A Critical review}", journal = "J.Phys.", volume = "G25", pages = "R1-R57", doi = "10.1088/0954-3899/25/3/013", year = "1999", eprint = "hep-ph/9810281", archivePrefix = "arXiv", primaryClass = "hep-ph", reportNumber = "DOE-ER-40561-11", SLACcitation = "%%CITATION = HEP-PH/9810281;%%",}  
 @article{Borsanyi:2010cj, author = "Borsanyi, Szabolcs and Endrodi, Gergely and Fodor, Zoltan and Jakovac, Antal and Katz, Sandor D. and others", title = "{The QCD equation of state with dynamical quarks}", journal = "JHEP", volume = "1011", pages = "077", doi = "10.1007/JHEP11(2010)077", year = "2010", eprint = "1007.2580", archivePrefix = "arXiv", primaryClass = "hep-lat", reportNumber = "WUB-10-12", SLACcitation = "%%CITATION = ARXIV:1007.2580;%%",}  
 @article{Bhattacharya:2014ara, author = "Bhattacharya, Tanmoy and Buchoff, Michael I. and Christ, Norman H. and Ding, H.-T. and Gupta, Rajan and others", title = "{QCD Phase Transition with Chiral Quarks and Physical Quark Masses}", journal = "Phys.Rev.Lett.", number = "8", volume = "113", pages = "082001", doi = "10.1103/PhysRevLett.113.082001", year = "2014", eprint = "1402.5175", archivePrefix = "arXiv", primaryClass = "hep-lat", reportNumber = "BNL-103837-2014-JA, CU-TP-1205, INT-PUB-14-003, LLNL-JRNL-650194", SLACcitation = "%%CITATION = ARXIV:1402.5175;%%",}  
 @article{Aamodt:2010jj, author = "Aamodt, K and others", title = "{Two-pion Bose-Einstein correlations in $pp$ collisions at $\sqrt{s}=900$ GeV}", collaboration = "ALICE", journal = "Phys.Rev.", volume = "D82", pages = "052001", doi = "10.1103/PhysRevD.82.052001", year = "2010", eprint = "1007.0516", archivePrefix = "arXiv", primaryClass = "hep-ex", SLACcitation = "%%CITATION = ARXIV:1007.0516;%%",}  
 @article{Laermann:2003cv, author = "Laermann, Edwin and Philipsen, Owe", title = "{The Status of lattice QCD at finite temperature}", journal = "Ann.Rev.Nucl.Part.Sci.", volume = "53", pages = "163-198", doi = "10.1146/annurev.nucl.53.041002.110609", year = "2003", eprint = "hep-ph/0303042", archivePrefix = "arXiv", primaryClass = "hep-ph", reportNumber = "BI-TP-2003-06, MIT-CTP-3345", SLACcitation = "%%CITATION = HEP-PH/0303042;%%",}  
 @article{Muller:2006ee, author = "Muller, Berndt and Nagle, James L.", title = "{Results from the relativistic heavy ion collider}", journal = "Ann.Rev.Nucl.Part.Sci.", volume = "56", pages = "93-135", doi = "10.1146/annurev.nucl.56.080805.140556", year = "2006", eprint = "nucl-th/0602029", archivePrefix = "arXiv", primaryClass = "nucl-th", SLACcitation = "%%CITATION = NUCL-TH/0602029;%%",}  
 @article{Andronic:2008gu, author = "Andronic, A. and Braun-Munzinger, P. and Stachel, J.", title = "{Thermal hadron production in relativistic nuclear collisions: The Hadron mass spectrum, the horn, and the QCD phase transition}", journal = "Phys.Lett.", volume = "B673", pages = "142-145", doi = "10.1016/j.physletb.2009.02.014, 10.1016/j.physletb.2009.06.021", year = "2009", eprint = "0812.1186", archivePrefix = "arXiv", primaryClass = "nucl-th", SLACcitation = "%%CITATION = ARXIV:0812.1186;%%",}  
 @article{Cleymans:2006xj, author = "Cleymans, J. and Kraus, I. and Oeschler, H. and Redlich, K. and Wheaton, S.", title = "{Statistical model predictions for particle ratios at s(NN)**(1/2) = 5.5-TeV}", journal = "Phys.Rev.", volume = "C74", pages = "034903", doi = "10.1103/PhysRevC.74.034903", year = "2006", eprint = "hep-ph/0604237", archivePrefix = "arXiv", primaryClass = "hep-ph", SLACcitation = "%%CITATION = HEP-PH/0604237;%%",}  
 @article{BraunMunzinger:2003zz, author = "Braun-Munzinger, P. and Stachel, J. and Wetterich, Christof", title = "{Chemical freezeout and the QCD phase transition temperature}", journal = "Phys.Lett.", volume = "B596", pages = "61-69", doi = "10.1016/j.physletb.2004.05.081", year = "2004", eprint = "nucl-th/0311005", archivePrefix = "arXiv", primaryClass = "nucl-th", reportNumber = "GSI-PREPRINT-2003-34", SLACcitation = "%%CITATION = NUCL-TH/0311005;%%",}  
 @article{Schnedermann:1993ws, author = "Schnedermann, Ekkard and Sollfrank, Josef and Heinz, Ulrich W.", title = "{Thermal phenomenology of hadrons from 200-A/GeV S+S collisions}", journal = "Phys.Rev.", volume = "C48", pages = "2462-2475", doi = "10.1103/PhysRevC.48.2462", year = "1993", eprint = "nucl-th/9307020", archivePrefix = "arXiv", primaryClass = "nucl-th", reportNumber = "TPR-93-16", SLACcitation = "%%CITATION = NUCL-TH/9307020;%%",}  
 @article{McLerran:1993ni, author = "McLerran, Larry D. and Venugopalan, Raju", title = "{Computing quark and gluon distribution functions for very large nuclei}", journal = "Phys.Rev.", volume = "D49", pages = "2233-2241", doi = "10.1103/PhysRevD.49.2233", year = "1994", eprint = "hep-ph/9309289", archivePrefix = "arXiv", primaryClass = "hep-ph", reportNumber = "TPI-MINN-93-44-T, NUC-MINN-93-24-T, HEP-UMN-TH-1220-93", SLACcitation = "%%CITATION = HEP-PH/9309289;%%",}  
 @article{Gelis:2010nm, author = "Gelis, Francois and Iancu, Edmond and Jalilian-Marian, Jamal and Venugopalan, Raju", title = "{The Color Glass Condensate}", journal = "Ann.Rev.Nucl.Part.Sci.", volume = "60", pages = "463-489", doi = "10.1146/annurev.nucl.010909.083629", year = "2010", eprint = "1002.0333", archivePrefix = "arXiv", primaryClass = "hep-ph", SLACcitation = "%%CITATION = ARXIV:1002.0333;%%",}  
 @article{Dusling:2013oia, author = "Dusling, Kevin and Venugopalan, Raju", title = "{Comparison of the color glass condensate to dihadron correlations in proton-proton and proton-nucleus collisions}", journal = "Phys.Rev.", number = "9", volume = "D87", pages = "094034", doi = "10.1103/PhysRevD.87.094034", year = "2013", eprint = "1302.7018", archivePrefix = "arXiv", primaryClass = "hep-ph", SLACcitation = "%%CITATION = ARXIV:1302.7018;%%",}  
 @article{Bozek:2012gr, author = "Bozek, Piotr and Broniowski, Wojciech", title = "{Correlations from hydrodynamic flow in p-Pb collisions}", journal = "Phys.Lett.", volume = "B718", pages = "1557-1561", doi = "10.1016/j.physletb.2012.12.051", year = "2013", eprint = "1211.0845", archivePrefix = "arXiv", primaryClass = "nucl-th", SLACcitation = "%%CITATION = ARXIV:1211.0845;%%",}  
 @article{Qin:2013bha, author = "Qin, Guang-You and M?ller, Berndt", title = "{Elliptic and triangular flow anisotropy in deuteron-gold collisions at $\sqrt{s_{NN}}=200$ GeV at RHIC and in proton-lead collisions at $\sqrt{s_{NN}}=5.02$ TeV at the LHC}", journal = "Phys.Rev.", number = "4", volume = "C89", pages = "044902", doi = "10.1103/PhysRevC.89.044902", year = "2014", eprint = "1306.3439", archivePrefix = "arXiv", primaryClass = "nucl-th", SLACcitation = "%%CITATION = ARXIV:1306.3439;%%",}  
 @article{Bzdak:2013zma, author = "Bzdak, Adam and Schenke, Bjoern and Tribedy, Prithwish and Venugopalan, Raju", title = "{Initial state geometry and the role of hydrodynamics in proton-proton, proton-nucleus and deuteron-nucleus collisions}", journal = "Phys.Rev.", number = "6", volume = "C87", pages = "064906", doi = "10.1103/PhysRevC.87.064906", year = "2013", eprint = "1304.3403", archivePrefix = "arXiv", primaryClass = "nucl-th", SLACcitation = "%%CITATION = ARXIV:1304.3403;%%",}  
 @article{Roesler:2000he, author = "Roesler, Stefan and Engel, Ralph and Ranft, Johannes", title = "{The Monte Carlo event generator DPMJET-III}", pages = "1033-1038", year = "2000", eprint = "hep-ph/0012252", archivePrefix = "arXiv", primaryClass = "hep-ph", reportNumber = "SLAC-PUB-8740", SLACcitation = "%%CITATION = HEP-PH/0012252;%%",}  
 @article{Skands:2010ak, author = "Skands, Peter Zeiler", title = "{Tuning Monte Carlo Generators: The Perugia Tunes}", journal = "Phys.Rev.", volume = "D82", pages = "074018", doi = "10.1103/PhysRevD.82.074018", year = "2010", eprint = "1005.3457", archivePrefix = "arXiv", primaryClass = "hep-ph", reportNumber = "MCNET-10-08, CERN-PH-TH-2010-113", SLACcitation = "%%CITATION = ARXIV:1005.3457;%%",}  
 @article{Fries:2003vb, author = "Fries, R.J. and Muller, Berndt and Nonaka, C. and Bass, S.A.", title = "{Hadronization in heavy ion collisions: Recombination and fragmentation of partons}", journal = "Phys.Rev.Lett.", volume = "90", pages = "202303", doi = "10.1103/PhysRevLett.90.202303", year = "2003", eprint = "nucl-th/0301087", archivePrefix = "arXiv", primaryClass = "nucl-th", reportNumber = "DUKE-TH-03-233", SLACcitation = "%%CITATION = NUCL-TH/0301087;%%",}  
 @article{Bozek:2011gq, author = "Bozek, Piotr", title = "{Hydrodynamic flow from RHIC to LHC}", journal = "Acta Phys.Polon.", volume = "B43", pages = "689", doi = "10.5506/APhysPolB.43.689", year = "2012", eprint = "1111.4398", archivePrefix = "arXiv", primaryClass = "nucl-th", SLACcitation = "%%CITATION = ARXIV:1111.4398;%%",}  
 @article{Muller:2012zq, author = "Muller, Berndt and Schukraft, Jurgen and Wyslouch, Boleslaw", title = "{First Results from Pb+Pb collisions at the LHC}", journal = "Ann.Rev.Nucl.Part.Sci.", volume = "62", pages = "361-386", doi = "10.1146/annurev-nucl-102711-094910", year = "2012", eprint = "1202.3233", archivePrefix = "arXiv", primaryClass = "hep-ex", reportNumber = "CERN-OPEN-2012-005", SLACcitation = "%%CITATION = ARXIV:1202.3233;%%",}  
 @article{Adare:2013esx, author = "Adare, A. and others", title = "{Spectra and ratios of identified particles in Au+Au and $d$+Au collisions at $\sqrt{s_{NN}}=200$ GeV}", collaboration = "PHENIX", journal = "Phys.Rev.", number = "2", volume = "C88", pages = "024906", doi = "10.1103/PhysRevC.88.024906", year = "2013", eprint = "1304.3410", archivePrefix = "arXiv", primaryClass = "nucl-ex", SLACcitation = "%%CITATION = ARXIV:1304.3410;%%",}  
 @article{Abelev:2008ab, author = "Abelev, B.I. and others", title = "{Systematic Measurements of Identified Particle Spectra in $p p, d^+$ Au and Au+Au Collisions from STAR}", collaboration = "STAR", journal = "Phys.Rev.", volume = "C79", pages = "034909", doi = "10.1103/PhysRevC.79.034909", year = "2009", eprint = "0808.2041", archivePrefix = "arXiv", primaryClass = "nucl-ex", SLACcitation = "%%CITATION = ARXIV:0808.2041;%%",}  
 @article{Agakishiev:2011ar, author = "Agakishiev, G. and others", title = "{Strangeness Enhancement in Cu+Cu and Au+Au Collisions at $\sqrt{s_{NN}} = 200$ GeV}", collaboration = "STAR", journal = "Phys.Rev.Lett.", volume = "108", pages = "072301", doi = "10.1103/PhysRevLett.108.072301", year = "2012", eprint = "1107.2955", archivePrefix = "arXiv", primaryClass = "nucl-ex", SLACcitation = "%%CITATION = ARXIV:1107.2955;%%",}  
 @article{Aggarwal:2010ig, author = "Aggarwal, M.M. and others", title = "{Strange and Multi-strange Particle Production in Au+Au Collisions at $\sqrt{s_{NN}}$ = 62.4 GeV}", collaboration = "STAR", journal = "Phys.Rev.", volume = "C83", pages = "024901", doi = "10.1103/PhysRevC.83.024901", year = "2011", eprint = "1010.0142", archivePrefix = "arXiv", primaryClass = "nucl-ex", SLACcitation = "%%CITATION = ARXIV:1010.0142;%%",}  
 @article{Adler:2003cb, author = "Adler, S.S. and others", title = "{Identified charged particle spectra and yields in Au+Au collisions at S(NN)**1/2 = 200-GeV}", collaboration = "PHENIX", journal = "Phys.Rev.", volume = "C69", pages = "034909", doi = "10.1103/PhysRevC.69.034909", year = "2004", eprint = "nucl-ex/0307022", archivePrefix = "arXiv", primaryClass = "nucl-ex", SLACcitation = "%%CITATION = NUCL-EX/0307022;%%",}  
 @article{Arsene:2005mr, author = "Arsene, I. and others", title = "{Centrality dependent particle production at y=0 and y ~ 1 in Au + Au collisions at s(NN)**(1/2) = 200-GeV}", collaboration = "BRAHMS", journal = "Phys.Rev.", volume = "C72", pages = "014908", doi = "10.1103/PhysRevC.72.014908", year = "2005", eprint = "nucl-ex/0503010", archivePrefix = "arXiv", primaryClass = "nucl-ex", SLACcitation = "%%CITATION = NUCL-EX/0503010;%%",}  
 @article{Sollfrank:1997bq, author = "Sollfrank, J. and Becattini, F. and Redlich, K. and Satz, H.", title = "{Canonical strangeness enhancement}", journal = "Nucl.Phys.", volume = "A638", pages = "399C-402C", doi = "10.1016/S0375-9474(98)00395-9", year = "1998", eprint = "nucl-th/9802046", archivePrefix = "arXiv", primaryClass = "nucl-th", reportNumber = "BI-TP-98-03, TPR-98-07", SLACcitation = "%%CITATION = NUCL-TH/9802046;%%",}  
 @article{Letessier:2006wn, author = "Letessier, Jean and Rafelski, Johann", title = "{Strangeness chemical equilibration in QGP at RHIC and CERN LHC}", journal = "Phys.Rev.", volume = "C75", pages = "014905", doi = "10.1103/PhysRevC.75.014905", year = "2007", eprint = "nucl-th/0602047", archivePrefix = "arXiv", primaryClass = "nucl-th", SLACcitation = "%%CITATION = NUCL-TH/0602047;%%",}  
 @article{Shuryak:2013ke, author = "Shuryak, Edward and Zahed, Ismail", title = "{High-multiplicity pp and pA collisions: Hydrodynamics at its edge}", journal = "Phys.Rev.", number = "4", volume = "C88", pages = "044915", doi = "10.1103/PhysRevC.88.044915", year = "2013", eprint = "1301.4470", archivePrefix = "arXiv", primaryClass = "hep-ph", SLACcitation = "%%CITATION = ARXIV:1301.4470;%%",}  
 @article{Huovinen:2001cy, author = "Huovinen, P. and Kolb, P.F. and Heinz, Ulrich W. and Ruuskanen, P.V. and Voloshin, S.A.", title = "{Radial and elliptic flow at RHIC: Further predictions}", journal = "Phys.Lett.", volume = "B503", pages = "58-64", doi = "10.1016/S0370-2693(01)00219-2", year = "2001", eprint = "hep-ph/0101136", archivePrefix = "arXiv", primaryClass = "hep-ph", SLACcitation = "%%CITATION = HEP-PH/0101136;%%",}  
 @article{Corke:2010yf, author = "Corke, Richard and Sjostrand, Torbjorn", title = "{Interleaved Parton Showers and Tuning Prospects}", journal = "JHEP", volume = "1103", pages = "032", doi = "10.1007/JHEP03(2011)032", year = "2011", eprint = "1011.1759", archivePrefix = "arXiv", primaryClass = "hep-ph", reportNumber = "LU-TP-10-26, MCNET-10-20", SLACcitation = "%%CITATION = ARXIV:1011.1759;%%",}  
 @article{Skands:2007zg, author = "Skands, Peter Z. and Wicke, Daniel", title = "{Non-perturbative QCD effects and the top mass at the Tevatron}", journal = "Eur.Phys.J.", volume = "C52", pages = "133-140", doi = "10.1140/epjc/s10052-007-0352-1", year = "2007", eprint = "hep-ph/0703081", archivePrefix = "arXiv", primaryClass = "HEP-PH", reportNumber = "FERMILAB-PUB-06-340-T", SLACcitation = "%%CITATION = HEP-PH/0703081;%%",}  
 @article{Schulz:2011qy, author = "Schulz, H. and Skands, P.Z.", title = "{Energy Scaling of Minimum-Bias Tunes}", journal = "Eur.Phys.J.", volume = "C71", pages = "1644", doi = "10.1140/epjc/s10052-011-1644-z", year = "2011", eprint = "1103.3649", archivePrefix = "arXiv", primaryClass = "hep-ph", reportNumber = "MCNET-11-07, CERN-TH-2011-036, HU-EP-11-13", SLACcitation = "%%CITATION = ARXIV:1103.3649;%%",}  
 @article{Ortiz:2013yxa, author = "Ortiz Velasquez, Antonio and Christiansen, Peter and Cuautle Flores, Eleazar and Maldonado Cervantes, Ivonne and Pai?, Guy", title = "{Color Reconnection and Flowlike Patterns in $pp$ Collisions}", journal = "Phys.Rev.Lett.", number = "4", volume = "111", pages = "042001", doi = "10.1103/PhysRevLett.111.042001", year = "2013", eprint = "1303.6326", archivePrefix = "arXiv", primaryClass = "hep-ph", SLACcitation = "%%CITATION = ARXIV:1303.6326;%%",}  
 @article{Bozek:2011if, author = "Bozek, Piotr", title = "{Collective flow in p-Pb and d-Pd collisions at TeV energies}", journal = "Phys.Rev.", volume = "C85", pages = "014911", doi = "10.1103/PhysRevC.85.014911", year = "2012", eprint = "1112.0915", archivePrefix = "arXiv", primaryClass = "hep-ph", SLACcitation = "%%CITATION = ARXIV:1112.0915;%%",}  
 @article{Pierog:2013ria, author = "Pierog, T. and Karpenko, Iu. and Katzy, J.M. and Yatsenko, E. and Werner, K.", title = "{EPOS LHC : test of collective hadronization with LHC data}", year = "2013", eprint = "1306.0121", archivePrefix = "arXiv", primaryClass = "hep-ph", reportNumber = "DESY-13-125", SLACcitation = "%%CITATION = ARXIV:1306.0121;%%",}  
 @article{Werner:2012xh, author = "Werner, K. and Karpenko, Iu. and Bleicher, M. and Pierog, T. and Porteboeuf-Houssais, S.", title = "{Jets, Bulk Matter, and their Interaction in Heavy Ion Collisions at Several TeV}", journal = "Phys.Rev.", volume = "C85", pages = "064907", doi = "10.1103/PhysRevC.85.064907", year = "2012", eprint = "1203.5704", archivePrefix = "arXiv", primaryClass = "nucl-th", SLACcitation = "%%CITATION = ARXIV:1203.5704;%%",}  
 @article{Alver:2010ck, author = "Alver, B. and others", title = "{Phobos results on charged particle multiplicity and pseudorapidity distributions in Au+Au, Cu+Cu, d+Au, and p+p collisions at ultra-relativistic energies}", collaboration = "PHOBOS", journal = "Phys.Rev.", volume = "C83", pages = "024913", doi = "10.1103/PhysRevC.83.024913", year = "2011", eprint = "1011.1940", archivePrefix = "arXiv", primaryClass = "nucl-ex", SLACcitation = "%%CITATION = ARXIV:1011.1940;%%",}  

 @article{McLerran:2001sr, author = "McLerran, Larry D.", title = "{The Color glass condensate and small x physics: Four lectures}", journal = "Lect.Notes Phys.", volume = "583", pages = "291-334", doi = "10.1007/3-540-45792-5_8", year = "2002", eprint = "hep-ph/0104285", archivePrefix = "arXiv", primaryClass = "hep-ph", SLACcitation = "%%CITATION = HEP-PH/0104285;%%",}  
 @article{Salgado:2011wc, author = "Salgado, C.A. and Alvarez-Muniz, J. and Arleo, F. and Armesto, N. and Botje, M. and others", title = "{Proton-Nucleus Collisions at the LHC: Scientific Opportunities and Requirements}", journal = "J.Phys.", volume = "G39", pages = "015010", doi = "10.1088/0954-3899/39/1/015010", year = "2012", eprint = "1105.3919", archivePrefix = "arXiv", primaryClass = "hep-ph", reportNumber = "CERN-PH-TH-2011-119, LHC-PROJECT-REPORT-1181, FERMILAB-PUB-11-841-T", SLACcitation = "%%CITATION = ARXIV:1105.3919;%%",}  
 @article{Accardi:2007in, author = "Accardi, Alberto", title = "{Final state interactions and hadron quenching in cold nuclear matter}", journal = "Phys.Rev.", volume = "C76", pages = "034902", doi = "10.1103/PhysRevC.76.034902", year = "2007", eprint = "0706.3227", archivePrefix = "arXiv", primaryClass = "nucl-th", SLACcitation = "%%CITATION = ARXIV:0706.3227;%%",}  


%% http://inspirehep.net/record/1231795?ln=en
@article{Akindinov:2013tea,
      author         = "Akindinov, A. and Alici, A. and Agostinelli, A. and
                        Antonioli, P. and Arcelli, S. and others",
      title          = "{Performance of the ALICE Time-Of-Flight detector at the
                        LHC}",
      journal        = "Eur.Phys.J.Plus",
      volume         = "128",
      pages          = "44",
      doi            = "10.1140/epjp/i2013-13044-x",
      year           = "2013",
      SLACcitation   = "%%CITATION = EPHJP,128,44;%%",
}

@article{Alme:2010ke,
      author         = "Alme, J. and Andres, Y. and Appelshauser, H. and Bablok,
                        S. and Bialas, N. and others",
      title          = "{The ALICE TPC, a large 3-dimensional tracking device
                        with fast readout for ultra-high multiplicity events}",
      journal        = "Nucl.Instrum.Meth.",
      volume         = "A622",
      pages          = "316-367",
      doi            = "10.1016/j.nima.2010.04.042",
      year           = "2010",
      eprint         = "1001.1950",
      archivePrefix  = "arXiv",
      primaryClass   = "physics.ins-det",
      SLACcitation   = "%%CITATION = ARXIV:1001.1950;%%",
}

%% http://inspirehep.net/record/1126428?ln=en
@article{Beringer:1900zz,
      author         = "Beringer, J. and others",
      title          = "{Review of Particle Physics (RPP)}",
      collaboration  = "Particle Data Group",
      journal        = "Phys.Rev.",
      volume         = "D86",
      pages          = "010001",
      doi            = "10.1103/PhysRevD.86.010001",
      year           = "2012",
      reportNumber   = "SLAC-REPRINT-2014-001",
      SLACcitation   = "%%CITATION = PHRVA,D86,010001;%%",
}

@article{Alessandro:2006yt,
	Author = {Alessandro, B and others},
	Collaboration = {ALICE Collaboration},
	Date-Added = {2015-01-08 18:42:26 +0000},
	Date-Modified = {2015-01-08 18:42:45 +0000},
	Doi = {10.1088/0954-3899/32/10/001},
	Editor = {Alessandro, B},
	Journal = {J.~Phys.},
	Pages = {1295-2040},
	Slaccitation = {%%CITATION = JPAGA,G32,1295;%%},
	Title = {{ALICE: Physics performance report, volume II}},
	Volume = {G32},
	Year = {2006},
	Bdsk-Url-1 = {http://dx.doi.org/10.1088/0954-3899/32/10/001}}

@article{Aamodt:2008zz,
	Author = {Aamodt, K. and others},
	Collaboration = {ALICE Collaboration},
	Date-Added = {2015-01-08 13:43:19 +0000},
	Date-Modified = {2015-01-08 13:43:19 +0000},
	Doi = {10.1088/1748-0221/3/08/S08002},
	Journal = {JINST},
	Pages = {S08002},
	Slaccitation = {%%CITATION = JINST,3,S08002;%%},
	Title = {{The ALICE experiment at the CERN LHC}},
	Volume = {3},
	Year = {2008},
	Bdsk-Url-1 = {http://dx.doi.org/10.1088/1748-0221/3/08/S08002}}

@article{Evans:2008zzb,
	Author = {Evans, Lyndon and Bryant, Philip},
	Date-Added = {2015-01-08 12:43:47 +0000},
	Date-Modified = {2015-01-08 12:43:47 +0000},
	Doi = {10.1088/1748-0221/3/08/S08001},
	Editor = {Evans, Lyndon},
	Journal = {JINST},
	Pages = {S08001},
	Slaccitation = {%%CITATION = JINST,3,S08001;%%},
	Title = {{LHC Machine}},
	Volume = {3},
	Year = {2008},
	Bdsk-Url-1 = {http://dx.doi.org/10.1088/1748-0221/3/08/S08001}}

%%%% ALL ALICE PUBS


 
@article{Adam:2016ssk, author = "Adam, Jaroslav and others", title = "{Elliptic flow of electrons from heavy-flavour hadron decays at mid-rapidity in Pb-Pb collisions at $\mathbf{\sqrt{s_\mathrm{NN}}}$ = 2.76 TeV}", collaboration = "ALICE", year = "2016", eprint = "1606.00321", archivePrefix = "arXiv", primaryClass = "nucl-ex", reportNumber = "CERN-EP-2016-136", SLACcitation = "%%CITATION = ARXIV:1606.00321;%%"} 

 
@article{Adam:2016ich, author = "Adam, Jaroslav and others", title = "{D-meson production in p-Pb collisions at $\sqrt{s_{\rm NN}}=5.02$ TeV and in pp collisions at $\sqrt{s}=7$ TeV}", collaboration = "ALICE", year = "2016", eprint = "1605.07569", archivePrefix = "arXiv", primaryClass = "nucl-ex", reportNumber = "CERN-EP-2016-127", SLACcitation = "%%CITATION = ARXIV:1605.07569;%%"} 

 
@article{ALICE:2016clc, author = "Adam, Jaroslav and others", title = "{Measurement of azimuthal correlations of D mesons and charged particles in pp collisions at $\sqrt{s}=7$ TeV and p-Pb collisions at $\sqrt{s_{\rm NN}}=5.02$ TeV}", collaboration = "ALICE", year = "2016", eprint = "1605.06963", archivePrefix = "arXiv", primaryClass = "nucl-ex", reportNumber = "CERN-EP-2016-129", SLACcitation = "%%CITATION = ARXIV:1605.06963;%%"} 

 
@article{Adam:2016ows, author = "Adam, Jaroslav and others", title = "{Pseudorapidity dependence of the anisotropic flow of charged particles in Pb-Pb collisions at $\sqrt{s_{\rm NN}}=2.76$ TeV}", collaboration = "ALICE", year = "2016", eprint = "1605.02035", archivePrefix = "arXiv", primaryClass = "nucl-ex", reportNumber = "CERN-EP-2016-115", SLACcitation = "%%CITATION = ARXIV:1605.02035;%%"} 

 
@article{ALICE:2016kpq, author = "Adam, Jaroslav and others", title = "{Correlated event-by-event fluctuations of flow harmonics in Pb-Pb collisions at $\sqrt{s_{_{\rm NN}}}=2.76$ TeV}", collaboration = "ALICE", year = "2016", eprint = "1604.07663", archivePrefix = "arXiv", primaryClass = "nucl-ex", reportNumber = "CERN-EP-2016-102", SLACcitation = "%%CITATION = ARXIV:1604.07663;%%"} 

 
@article{Adam:2016thv, author = "Adam, Jaroslav and others", title = "{Measurement of transverse energy at midrapidity in Pb-Pb collisions at $\sqrt{s_{\rm NN}} = 2.76$ TeV}", collaboration = "ALICE", year = "2016", eprint = "1603.04775", archivePrefix = "arXiv", primaryClass = "nucl-ex", reportNumber = "CERN-EP-2016-071", SLACcitation = "%%CITATION = ARXIV:1603.04775;%%"} 

 
@article{Adam:2016jfp, author = "Adam, Jaroslav and others", title = "{Centrality dependence of charged jet production in p-Pb collisions at $\sqrt{s_\mathrm{NN}}$ = 5.02 TeV}", collaboration = "ALICE", journal = "Eur. Phys. J.", volume = "C76", year = "2016", number = "5", pages = "271", doi = "10.1140/epjc/s10052-016-4107-8", eprint = "1603.03402", archivePrefix = "arXiv", primaryClass = "nucl-ex", reportNumber = "CERN-PH-EP-2016-052, CERN-EP-2016-052, ALICE-PUBLIC-2016-001", SLACcitation = "%%CITATION = ARXIV:1603.03402;%%"} 

 
@article{Adam:2016ohd, author = "Adam, Jaroslav and others", title = "{Centrality dependence of $\mathbf{\psi}$(2S) suppression in p-Pb collisions at $\mathbf{\sqrt{{\textit s}_{\rm NN}}}$ = 5.02 TeV}", collaboration = "ALICE", journal = "JHEP", volume = "06", year = "2016", pages = "050", doi = "10.1007/JHEP06(2016)050", eprint = "1603.02816", archivePrefix = "arXiv", primaryClass = "nucl-ex", reportNumber = "CERN-PH-EP-2016-046, CERN-EP-2016-046", SLACcitation = "%%CITATION = ARXIV:1603.02816;%%"} 

 
@article{Adam:2016mkz, author = "Adam, Jaroslav and others", title = "{Measurement of D-meson production versus multiplicity in p-Pb collisions at $\sqrt{s_{\rm NN}}=5.02$ TeV}", collaboration = "ALICE", year = "2016", eprint = "1602.07240", archivePrefix = "arXiv", primaryClass = "nucl-ex", reportNumber = "CERN-PH-EP-2016-034, CERN-EP-2016-034", SLACcitation = "%%CITATION = ARXIV:1602.07240;%%"} 

 
@article{Adam:2016acv, author = "Adam, Jaroslav and others", title = "{Particle identification in ALICE: a Bayesian approach}", collaboration = "ALICE", journal = "Eur. Phys. J. Plus", volume = "131", year = "2016", number = "5", pages = "168", doi = "10.1140/epjp/i2016-16168-5", eprint = "1602.01392", archivePrefix = "arXiv", primaryClass = "physics.data-an", reportNumber = "CERN-EP-2016-023", SLACcitation = "%%CITATION = ARXIV:1602.01392;%%"} 

 
@article{Adam:2016izf, author = "Adam, Jaroslav and others", title = "{Anisotropic flow of charged particles in Pb-Pb collisions at $\sqrt{s_{\rm NN}}=5.02$ TeV}", collaboration = "ALICE", journal = "Phys. Rev. Lett.", volume = "116", year = "2016", number = "13", pages = "132302", doi = "10.1103/PhysRevLett.116.132302", eprint = "1602.01119", archivePrefix = "arXiv", primaryClass = "nucl-ex", reportNumber = "CERN-EP-2016-018", SLACcitation = "%%CITATION = ARXIV:1602.01119;%%"} 

 %%% contains utf-8, see: http://inspirehep.net/info/faq/general#utf8%%% add \usepackage[utf8]{inputenc} to your latex preamble
@article{Adam:2016bpr, author = "Adam, Jaroslav and others", title = "{Production of K$^{*}$ (892)$^{0}$ and $\phi $ (1020) in p-Pb collisions at $\sqrt{s_{{\mathrm{NN}}}}$ = 5.02 TeV}", collaboration = "ALICE", journal = "Eur. Phys. J.", volume = "C76", year = "2016", number = "5", pages = "245", doi = "10.1140/epjc/s10052-016-4088-7", eprint = "1601.07868", archivePrefix = "arXiv", primaryClass = "nucl-ex", reportNumber = "CERN-PH-EP-2015-326", SLACcitation = "%%CITATION = ARXIV:1601.07868;%%"} 

 
@article{Adam:2016dau, author = "Adam, Jaroslav and others", title = "{Multiplicity dependence of charged pion, kaon, and (anti)proton production at large transverse momentum in p-Pb collisions at $\mathbf{\sqrt{{\textit s}_{\rm NN}}}$ = 5.02 TeV}", collaboration = "ALICE", year = "2016", eprint = "1601.03658", archivePrefix = "arXiv", primaryClass = "nucl-ex", reportNumber = "CERN-PH-EP-2016-003, CERN-EP-2016-003", SLACcitation = "%%CITATION = ARXIV:1601.03658;%%"} 

 
@article{Adam:2015pbc, author = "Adam, Jaroslav and others", title = "{Multipion Bose-Einstein correlations in pp,p -Pb, and Pb-Pb collisions at energies available at the CERN Large Hadron Collider}", collaboration = "ALICE", journal = "Phys. Rev.", volume = "C93", year = "2016", number = "5", pages = "054908", doi = "10.1103/PhysRevC.93.054908", eprint = "1512.08902", archivePrefix = "arXiv", primaryClass = "nucl-ex", reportNumber = "CERN-PH-EP-2015-330, ALICE-PUBLIC-2015-009", SLACcitation = "%%CITATION = ARXIV:1512.08902;%%"} 

 
@article{Adam:2015vsf, author = "Adam, Jaroslav and others", title = "{Multi-strange baryon production in p-Pb collisions at $\sqrt{s_\mathbf{NN}}=5.02$ TeV}", collaboration = "ALICE", journal = "Phys. Lett.", volume = "B758", year = "2016", pages = "389-401", doi = "10.1016/j.physletb.2016.05.027", eprint = "1512.07227", archivePrefix = "arXiv", primaryClass = "nucl-ex", reportNumber = "CERN-PH-EP-2015-327", SLACcitation = "%%CITATION = ARXIV:1512.07227;%%"} 

 
@article{Adam:2015ptt, author = "Adam, Jaroslav and others", title = "{Centrality dependence of the charged-particle multiplicity density at midrapidity in Pb-Pb collisions at $\sqrt{s_{\rm NN}}$ = 5.02 TeV}", collaboration = "ALICE", journal = "Phys. Rev. Lett.", volume = "116", year = "2016", number = "22", pages = "222302", doi = "10.1103/PhysRevLett.116.222302", eprint = "1512.06104", archivePrefix = "arXiv", primaryClass = "nucl-ex", reportNumber = "CERN-PH-EP-2015-324, ALICE-PUBLIC-2015-008", SLACcitation = "%%CITATION = ARXIV:1512.06104;%%"} 

 
@article{Adam:2015vje, author = "Adam, Jaroslav and others", title = "{Charge-dependent flow and the search for the chiral magnetic wave in Pb-Pb collisions at $\sqrt{s_{\rm NN}} =$ 2.76 TeV}", collaboration = "ALICE", journal = "Phys. Rev.", volume = "C93", year = "2016", number = "4", pages = "044903", doi = "10.1103/PhysRevC.93.044903", eprint = "1512.05739", archivePrefix = "arXiv", primaryClass = "nucl-ex", reportNumber = "CERN-PH-EP-2015-316", SLACcitation = "%%CITATION = ARXIV:1512.05739;%%"} 

 
@article{Adam:2015gba, author = "Adam, Jaroslav and others", title = "{Measurement of an excess in the yield of $J/\psi$ at very low $p_{\rm T}$ in Pb-Pb collisions at $\sqrt{s_{\rm NN}}$ = 2.76 TeV}", collaboration = "ALICE", journal = "Phys. Rev. Lett.", volume = "116", year = "2016", number = "22", pages = "222301", doi = "10.1103/PhysRevLett.116.222301", eprint = "1509.08802", archivePrefix = "arXiv", primaryClass = "nucl-ex", reportNumber = "CERN-PH-EP-2015-268", SLACcitation = "%%CITATION = ARXIV:1509.08802;%%"} 

 %%% contains utf-8, see: http://inspirehep.net/info/faq/general#utf8%%% add \usepackage[utf8]{inputenc} to your latex preamble
@article{Adam:2015pza, author = "Adam, Jaroslav and others", title = "{Pseudorapidity and transverse-momentum distributions of charged particles in proton-proton collisions at $\sqrt s=$ 13 TeV}", collaboration = "ALICE", journal = "Phys. Lett.", volume = "B753", year = "2016", pages = "319-329", doi = "10.1016/j.physletb.2015.12.030", eprint = "1509.08734", archivePrefix = "arXiv", primaryClass = "nucl-ex", reportNumber = "CERN-PH-EP-2015-270, ALICE-PUBLIC-2015-005", SLACcitation = "%%CITATION = ARXIV:1509.08734;%%"} 

 
@article{Adam:2015rta, author = "Adam, Jaroslav and others", title = "{Inclusive quarkonium production at forward rapidity in pp collisions at $\sqrt{s}=8$ TeV}", collaboration = "ALICE", journal = "Eur. Phys. J.", volume = "C76", year = "2016", number = "4", pages = "184", doi = "10.1140/epjc/s10052-016-3987-y", eprint = "1509.08258", archivePrefix = "arXiv", primaryClass = "hep-ex", reportNumber = "CERN-PH-EP-2015-267", SLACcitation = "%%CITATION = ARXIV:1509.08258;%%"} 

 
@article{Adam:2015gka, author = "Adam, Jaroslav and others", title = "{Charged-particle multiplicities in proton-proton collisions at $\sqrt{s}$ = 0.9 to 8 TeV}", collaboration = "ALICE", year = "2015", eprint = "1509.07541", archivePrefix = "arXiv", primaryClass = "nucl-ex", reportNumber = "CERN-PH-EP-2015-259", SLACcitation = "%%CITATION = ARXIV:1509.07541;%%"} 

 
@article{Adam:2015qda, author = "Adam, Jaroslav and others", title = "{Measurement of electrons from heavy-flavour hadron decays in p-Pb collisions at $\sqrt{s_{\rm NN}} =$ 5.02 TeV}", collaboration = "ALICE", journal = "Phys. Lett.", volume = "B754", year = "2016", pages = "81-93", doi = "10.1016/j.physletb.2015.12.067", eprint = "1509.07491", archivePrefix = "arXiv", primaryClass = "nucl-ex", reportNumber = "CERN-PH-EP-2015-262", SLACcitation = "%%CITATION = ARXIV:1509.07491;%%"} 

 
@article{Adam:2015mda, author = "Adam, Jaroslav and others", title = "{Azimuthal anisotropy of charged jet production in $\sqrt{s_{\rm NN}}$ = 2.76 TeV Pb-Pb collisions}", collaboration = "ALICE", journal = "Phys. Lett.", volume = "B753", year = "2016", pages = "511-525", doi = "10.1016/j.physletb.2015.12.047", eprint = "1509.07334", archivePrefix = "arXiv", primaryClass = "nucl-ex", reportNumber = "CERN-PH-EP-2015-258", SLACcitation = "%%CITATION = ARXIV:1509.07334;%%"} 

 
@article{Adam:2015lda, author = "Adam, Jaroslav and others", title = "{Direct photon production in Pb-Pb collisions at $\sqrt{s_{\mathrm NN}} =$ 2.76 TeV}", collaboration = "ALICE", journal = "Phys. Lett.", volume = "B754", year = "2016", pages = "235-248", doi = "10.1016/j.physletb.2016.01.020", eprint = "1509.07324", archivePrefix = "arXiv", primaryClass = "nucl-ex", reportNumber = "CERN-PH-EP-2015-254, ALICE-PUBLIC-2015-007", SLACcitation = "%%CITATION = ARXIV:1509.07324;%%"} 

 
@article{Adam:2015kda, author = "Adam, Jaroslav and others", title = "{Centrality evolution of the charged-particle pseudorapidity density over a broad pseudorapidity range in Pb-Pb collisions at $\sqrt{s_{\rm NN}} =$ 2.76 TeV}", collaboration = "ALICE", journal = "Phys. Lett.", volume = "B754", year = "2016", pages = "373-385", doi = "10.1016/j.physletb.2015.12.082", eprint = "1509.07299", archivePrefix = "arXiv", primaryClass = "nucl-ex", reportNumber = "CERN-PH-EP-2015-257, ALICE-PUBLIC-2015-010", SLACcitation = "%%CITATION = ARXIV:1509.07299;%%"} 

 
@article{Adam:2015jda, author = "Adam, Jaroslav and others", title = "{Measurement of D$_{s}^{+}$ production and nuclear modification factor in Pb-Pb collisions at $ \sqrt{{\mathrm{s}}_{\mathrm{NN}}}=$ 2.76 TeV}", collaboration = "ALICE", journal = "JHEP", volume = "03", year = "2016", pages = "082", doi = "10.1007/JHEP03(2016)082", eprint = "1509.07287", archivePrefix = "arXiv", primaryClass = "nucl-ex", reportNumber = "CERN-PH-EP-2015-253", SLACcitation = "%%CITATION = ARXIV:1509.07287;%%"} 

 %%% contains utf-8, see: http://inspirehep.net/info/faq/general#utf8%%% add \usepackage[utf8]{inputenc} to your latex preamble
@article{Adam:2015gda, author = "Adam, Jaroslav and others", title = "{Multiplicity and transverse momentum evolution of charge-dependent correlations in pp, p-Pb, and Pb-Pb collisions at the LHC}", collaboration = "ALICE", journal = "Eur. Phys. J.", volume = "C76", year = "2016", number = "2", pages = "86", doi = "10.1140/epjc/s10052-016-3915-1", eprint = "1509.07255", archivePrefix = "arXiv", primaryClass = "nucl-ex", reportNumber = "CERN-PH-EP-2015-263", SLACcitation = "%%CITATION = ARXIV:1509.07255;%%"} 

 
@article{Adam:2015sza, author = "Adam, Jaroslav and others", title = "{Transverse momentum dependence of D-meson production in Pb-Pb collisions at $ \sqrt{{\mathrm{s}}_{\mathrm{NN}}}=$ 2.76 TeV}", collaboration = "ALICE", journal = "JHEP", volume = "03", year = "2016", pages = "081", doi = "10.1007/JHEP03(2016)081", eprint = "1509.06888", archivePrefix = "arXiv", primaryClass = "nucl-ex", reportNumber = "CERN-PH-EP-2015-252", SLACcitation = "%%CITATION = ARXIV:1509.06888;%%"} 

 %%% contains utf-8, see: http://inspirehep.net/info/faq/general#utf8%%% add \usepackage[utf8]{inputenc} to your latex preamble
@article{Adam:2015sia, author = "Adam, Jaroslav and others", title = "{Coherent $\psi$(2S) photo-production in ultra-peripheral Pb Pb collisions at $\sqrt{s}_{\rm NN}$ = 2.76 TeV}", collaboration = "ALICE", journal = "Phys. Lett.", volume = "B751", year = "2015", pages = "358-370", doi = "10.1016/j.physletb.2015.10.040", eprint = "1508.05076", archivePrefix = "arXiv", primaryClass = "nucl-ex", reportNumber = "CERN-PH-EP-2015-156", SLACcitation = "%%CITATION = ARXIV:1508.05076;%%"} 

 
@article{Adam:2015pna, author = "Adam, Jaroslav and others", title = "{Precision measurement of the mass difference between light nuclei and anti-nuclei}", collaboration = "ALICE", journal = "Nature Phys.", volume = "11", year = "2015", number = "10", pages = "811-814", doi = "10.1038/nphys3432", eprint = "1508.03986", archivePrefix = "arXiv", primaryClass = "nucl-ex", reportNumber = "CERN-PH-EP-2015-035, ALICE-PUBLIC-2015-002", SLACcitation = "%%CITATION = ARXIV:1508.03986;%%"} 

 
@article{ALICE:2015wfa, author = "Adam, Jaroslav and others", title = "{Study of cosmic ray events with high muon multiplicity using the ALICE detector at the CERN Large Hadron Collider}", collaboration = "ALICE", journal = "JCAP", volume = "1601", year = "2016", number = "01", pages = "032", doi = "10.1088/1475-7516/2016/01/032", eprint = "1507.07577", archivePrefix = "arXiv", primaryClass = "astro-ph.HE", SLACcitation = "%%CITATION = ARXIV:1507.07577;%%"} 

 
@article{Adam:2015vna, author = "Adam, Jaroslav and others", title = "{Centrality dependence of pion freeze-out radii in Pb-Pb collisions at $\sqrt{s}_{NN}=$ 2.76 TeV}", collaboration = "ALICE", journal = "Phys. Rev.", volume = "C93", year = "2016", number = "2", pages = "024905", doi = "10.1103/PhysRevC.93.024905", eprint = "1507.06842", archivePrefix = "arXiv", primaryClass = "nucl-ex", reportNumber = "CERN-PH-EP-2015-140", SLACcitation = "%%CITATION = ARXIV:1507.06842;%%"} 

 
@article{Adam:2015eta, author = "Adam, Jaroslav and others", title = "{Event shape engineering for inclusive spectra and elliptic flow in Pb-Pb collisions at $\sqrt{s_{\mathrm NN}}=2.76$ TeV}", collaboration = "ALICE", journal = "Phys. Rev.", volume = "C93", year = "2016", number = "3", pages = "034916", doi = "10.1103/PhysRevC.93.034916", eprint = "1507.06194", archivePrefix = "arXiv", primaryClass = "nucl-ex", reportNumber = "CERN-PH-EP-2015-171", SLACcitation = "%%CITATION = ARXIV:1507.06194;%%"} 

 %%% contains utf-8, see: http://inspirehep.net/info/faq/general#utf8%%% add \usepackage[utf8]{inputenc} to your latex preamble
@article{Adam:2015pga, author = "Adam, Jaroslav and others", title = "{Elliptic flow of muons from heavy-flavour hadron decays at forward rapidity in Pb-Pb collisions at $\sqrt{s_{\rm NN}}= 2.76$ TeV}", collaboration = "ALICE", journal = "Phys. Lett.", volume = "B753", year = "2016", pages = "41-56", doi = "10.1016/j.physletb.2015.11.059", eprint = "1507.03134", archivePrefix = "arXiv", primaryClass = "nucl-ex", reportNumber = "CERN-PH-EP-2015-173", SLACcitation = "%%CITATION = ARXIV:1507.03134;%%"} 

 
@article{Adam:2015jca, author = "Adam, Jaroslav and others", title = "{$\phi$-meson production at forward rapidity in p-Pb collisions at $\sqrt{s_{\rm NN}}$ = 5.02 TeV and in pp collisions at $\sqrt{s}$ = 2.76 TeV}", collaboration = "ALICE", year = "2015", eprint = "1506.09206", archivePrefix = "arXiv", primaryClass = "nucl-ex", reportNumber = "CERN-PH-EP-2015-161", SLACcitation = "%%CITATION = ARXIV:1506.09206;%%"} 

 
@article{Adam:2015vda, author = "Adam, Jaroslav and others", title = "{Production of light nuclei and anti-nuclei in pp and Pb-Pb collisions at energies available at the CERN Large Hadron Collider}", collaboration = "ALICE", journal = "Phys. Rev.", volume = "C93", year = "2016", number = "2", pages = "024917", doi = "10.1103/PhysRevC.93.024917", eprint = "1506.08951", archivePrefix = "arXiv", primaryClass = "nucl-ex", reportNumber = "CERN-PH-EP-2015-025", SLACcitation = "%%CITATION = ARXIV:1506.08951;%%"} 

 %%% contains utf-8, see: http://inspirehep.net/info/faq/general#utf8%%% add \usepackage[utf8]{inputenc} to your latex preamble
@article{Adam:2015jsa, author = "Adam, Jaroslav and others", title = "{Centrality dependence of inclusive J/? production in p-Pb collisions at $ \sqrt{s_{\mathrm{NN}}}=5.02 $ TeV}", collaboration = "ALICE", journal = "JHEP", volume = "11", year = "2015", pages = "127", doi = "10.1007/JHEP11(2015)127", eprint = "1506.08808", archivePrefix = "arXiv", primaryClass = "nucl-ex", reportNumber = "CERN-PH-EP-2015-158", SLACcitation = "%%CITATION = ARXIV:1506.08808;%%"} 

 %%% contains utf-8, see: http://inspirehep.net/info/faq/general#utf8%%% add \usepackage[utf8]{inputenc} to your latex preamble
@article{Adam:2015isa, author = "Adam, Jaroslav and others", title = "{Differential studies of inclusive J/? and ?(2S) production at forward rapidity in Pb-Pb collisions at $ \sqrt{s_{\mathrm{NN}}}=2.76 $ TeV}", collaboration = "ALICE", journal = "JHEP", volume = "05", year = "2016", pages = "179", doi = "10.1007/JHEP05(2016)179", eprint = "1506.08804", archivePrefix = "arXiv", primaryClass = "nucl-ex", reportNumber = "CERN-PH-EP-2015-157", SLACcitation = "%%CITATION = ARXIV:1506.08804;%%"} 

 
@article{Adam:2015yta, author = "Adam, Jaroslav and others", title = "{$^{3}_{\Lambda}\mathrm H$ and $^{3}_{\bar{\Lambda}} \overline{\mathrm H}$ production in Pb-Pb collisions at $\sqrt{s_{\rm NN}} =$ 2.76 TeV}", collaboration = "ALICE", journal = "Phys. Lett.", volume = "B754", year = "2016", pages = "360-372", doi = "10.1016/j.physletb.2016.01.040", eprint = "1506.08453", archivePrefix = "arXiv", primaryClass = "nucl-ex", reportNumber = "CERN-PH-EP-2015-105", SLACcitation = "%%CITATION = ARXIV:1506.08453;%%"} 

 
@article{Adam:2015bka, author = "Adam, Jaroslav and others", title = "{Forward-central two-particle correlations in p-Pb collisions at $\sqrt{s_{\rm NN}}$ = 5.02 TeV}", collaboration = "ALICE", journal = "Phys. Lett.", volume = "B753", year = "2016", pages = "126-139", doi = "10.1016/j.physletb.2015.12.010", eprint = "1506.08032", archivePrefix = "arXiv", primaryClass = "nucl-ex", reportNumber = "CERN-PH-EP-2015-155", SLACcitation = "%%CITATION = ARXIV:1506.08032;%%"} 

 
@article{Adam:2015vja, author = "Adam, Jaroslav and others", title = "{One-dimensional pion, kaon, and proton femtoscopy in Pb-Pb collisions at $\sqrt{s_{\rm {NN}}}$ =2.76 TeV}", collaboration = "ALICE", journal = "Phys. Rev.", volume = "C92", year = "2015", number = "5", pages = "054908", doi = "10.1103/PhysRevC.92.054908", eprint = "1506.07884", archivePrefix = "arXiv", primaryClass = "nucl-ex", reportNumber = "CERN-PH-EP-2015-106", SLACcitation = "%%CITATION = ARXIV:1506.07884;%%"} 

 
@article{Adam:2015nca, author = "Adam, Jaroslav and others", title = "{Search for weakly decaying $\bar{\Lambda\mathrm{n}}$ and $\Lambda\Lambda $ exotic bound states in central Pb-Pb collisions at $\sqrt{s_{\rm NN}}$ = 2.76 TeV}", collaboration = "ALICE", journal = "Phys. Lett.", volume = "B752", year = "2016", pages = "267-277", doi = "10.1016/j.physletb.2015.11.048", eprint = "1506.07499", archivePrefix = "arXiv", primaryClass = "nucl-ex", reportNumber = "CERN-PH-EP-2015-069, CERN-PH-EP-2015-068", SLACcitation = "%%CITATION = ARXIV:1506.07499;%%"} 

 
@article{Adam:2015kca, author = "Adam, Jaroslav and others", title = "{Centrality dependence of the nuclear modification factor of charged pions, kaons, and protons in Pb-Pb collisions at $\sqrt{s_{\rm NN}}=2.76$ TeV}", collaboration = "ALICE", journal = "Phys. Rev.", volume = "C93", year = "2016", number = "3", pages = "034913", doi = "10.1103/PhysRevC.93.034913", eprint = "1506.07287", archivePrefix = "arXiv", primaryClass = "nucl-ex", reportNumber = "CERN-PH-EP-2015-152", SLACcitation = "%%CITATION = ARXIV:1506.07287;%%"} 

 
@article{Adam:2015nna, author = "Adam, Jaroslav and others", title = "{Centrality dependence of high-p$_{T}$ D meson suppression in Pb-Pb collisions at $ \sqrt{s_{\mathrm{N}\mathrm{N}}}=2.76 $ TeV}", collaboration = "ALICE", journal = "JHEP", volume = "11", year = "2015", pages = "205", doi = "10.1007/JHEP11(2015)205", eprint = "1506.06604", archivePrefix = "arXiv", primaryClass = "nucl-ex", reportNumber = "CERN-PH-EP-2015-151", SLACcitation = "%%CITATION = ARXIV:1506.06604;%%"} 

 
@article{Adam:2015doa, author = "Adam, Jaroslav and others", title = "{Measurement of jet quenching with semi-inclusive hadron-jet distributions in central Pb-Pb collisions at $ \sqrt{s_{\mathrm{NN}}}=2.76 $ TeV}", collaboration = "ALICE", journal = "JHEP", volume = "09", year = "2015", pages = "170", doi = "10.1007/JHEP09(2015)170", eprint = "1506.03984", archivePrefix = "arXiv", primaryClass = "nucl-ex", reportNumber = "CERN-PH-EP-2015-136", SLACcitation = "%%CITATION = ARXIV:1506.03984;%%"} 

 
@article{Adam:2015ota, author = "Adam, Jaroslav and others", title = "{Measurement of charm and beauty production at central rapidity versus charged-particle multiplicity in proton-proton collisions at $ \sqrt{s}=7 $ TeV}", collaboration = "ALICE", journal = "JHEP", volume = "09", year = "2015", pages = "148", doi = "10.1007/JHEP09(2015)148", eprint = "1505.00664", archivePrefix = "arXiv", primaryClass = "nucl-ex", reportNumber = "CERN-PH-EP-2015-091", SLACcitation = "%%CITATION = ARXIV:1505.00664;%%"} 

 
@article{Adam:2015rba, author = "Adam, Jaroslav and others", title = "{Inclusive, prompt and non-prompt J/$\psi$ production at mid-rapidity in Pb-Pb collisions at $\sqrt{s_{\rm NN}}$ = 2.76 TeV}", collaboration = "ALICE", journal = "JHEP", volume = "07", year = "2015", pages = "051", doi = "10.1007/JHEP07(2015)051", eprint = "1504.07151", archivePrefix = "arXiv", primaryClass = "nucl-ex", reportNumber = "CERN-PH-EP-2015-092", SLACcitation = "%%CITATION = ARXIV:1504.07151;%%"} 

 %%% contains utf-8, see: http://inspirehep.net/info/faq/general#utf8%%% add \usepackage[utf8]{inputenc} to your latex preamble
@article{Adam:2015qaa, author = "Adam, Jaroslav and others", title = "{Measurement of pion, kaon and proton production in proton-proton collisions at $\sqrt{s} = 7$ TeV}", collaboration = "ALICE", journal = "Eur. Phys. J.", volume = "C75", year = "2015", number = "5", pages = "226", doi = "10.1140/epjc/s10052-015-3422-9", eprint = "1504.00024", archivePrefix = "arXiv", primaryClass = "nucl-ex", reportNumber = "CERN-PH-EP-2015-068", SLACcitation = "%%CITATION = ARXIV:1504.00024;%%"} 

 %%% contains utf-8, see: http://inspirehep.net/info/faq/general#utf8%%% add \usepackage[utf8]{inputenc} to your latex preamble
@article{Adam:2015gsa, author = "Adam, Jaroslav and others", title = "{Coherent $\rho^{0}$ photoproduction in ultra-peripheral Pb-Pb collisions at $ \sqrt{s_{\mathrm{NN}}}=2.76 $ TeV}", collaboration = "ALICE", journal = "JHEP", volume = "09", year = "2015", pages = "095", doi = "10.1007/JHEP09(2015)095", eprint = "1503.09177", archivePrefix = "arXiv", primaryClass = "nucl-ex", reportNumber = "CERN-PH-EP-2015-082", SLACcitation = "%%CITATION = ARXIV:1503.09177;%%"} 

 
@article{Adam:2015iga, author = "Adam, Jaroslav and others", title = "{Rapidity and transverse-momentum dependence of the inclusive J/$\psi$ nuclear modification factor in p-Pb collisions at $ \sqrt{s_{N\ N}} =$ 5.02 TeV}", collaboration = "ALICE", journal = "JHEP", volume = "06", year = "2015", pages = "055", doi = "10.1007/JHEP06(2015)055", eprint = "1503.07179", archivePrefix = "arXiv", primaryClass = "nucl-ex", reportNumber = "CERN-PH-EP-2015-030", SLACcitation = "%%CITATION = ARXIV:1503.07179;%%"} 

 %%% contains utf-8, see: http://inspirehep.net/info/faq/general#utf8%%% add \usepackage[utf8]{inputenc} to your latex preamble
@article{Adam:2015xea, author = "Adam, Jaroslav and others", title = "{Measurement of dijet $k_T$ in p-Pb collisions at $\sqrt{s}_{NN}$=5.02 TeV}", collaboration = "ALICE", journal = "Phys. Lett.", volume = "B746", year = "2015", pages = "385-395", doi = "10.1016/j.physletb.2015.05.033", eprint = "1503.03050", archivePrefix = "arXiv", primaryClass = "nucl-ex", reportNumber = "CERN-PH-EP-2015-041", SLACcitation = "%%CITATION = ARXIV:1503.03050;%%"} 

 
@article{Adam:2015hoa, author = "Adam, Jaroslav and others", title = "{Measurement of charged jet production cross sections and nuclear modification in p-Pb collisions at $\sqrt{s_{\mathrm NN}} = 5.02$ TeV}", collaboration = "ALICE", journal = "Phys. Lett.", volume = "B749", year = "2015", pages = "68-81", doi = "10.1016/j.physletb.2015.07.054", eprint = "1503.00681", archivePrefix = "arXiv", primaryClass = "nucl-ex", reportNumber = "CERN-PH-EP-2015-040", SLACcitation = "%%CITATION = ARXIV:1503.00681;%%"} 

 
@article{Adam:2015ewa, author = "Adam, Jaroslav and others", title = "{Measurement of jet suppression in central Pb-Pb collisions at $\sqrt{s_{\rm NN}}$ = 2.76 TeV}", collaboration = "ALICE", journal = "Phys. Lett.", volume = "B746", year = "2015", pages = "1-14", doi = "10.1016/j.physletb.2015.04.039", eprint = "1502.01689", archivePrefix = "arXiv", primaryClass = "nucl-ex", reportNumber = "CERN-PH-EP-2015-023", SLACcitation = "%%CITATION = ARXIV:1502.01689;%%"} 

 
@article{Adam:2015pya, author = "Adam, J. and others", title = "{Two-pion femtoscopy in p-Pb collisions at $\sqrt{s_{\rm NN}}=5.02$ TeV}", collaboration = "ALICE", journal = "Phys. Rev.", volume = "C91", year = "2015", pages = "034906", doi = "10.1103/PhysRevC.91.034906", eprint = "1502.00559", archivePrefix = "arXiv", primaryClass = "nucl-ex", reportNumber = "CERN-PH-EP-2015-019", SLACcitation = "%%CITATION = ARXIV:1502.00559;%%"} 

 
@article{Adam:2015mya, author = "Adam, Jaroslav and others", title = "{Forward-backward multiplicity correlations in pp collisions at $ \sqrt{s} $ = 0.9, 2.76 and 7 TeV}", collaboration = "ALICE", journal = "JHEP", volume = "05", year = "2015", pages = "097", doi = "10.1007/JHEP05(2015)097", eprint = "1502.00230", archivePrefix = "arXiv", primaryClass = "nucl-ex", reportNumber = "CERN-PH-EP-2015-012", SLACcitation = "%%CITATION = ARXIV:1502.00230;%%"} 

 
@article{Adam:2014qja, author = "Adam, Jaroslav and others", title = "{Centrality dependence of particle production in p-Pb collisions at $\sqrt{s_{\rm NN} }$= 5.02 TeV}", collaboration = "ALICE", journal = "Phys. Rev.", volume = "C91", year = "2015", number = "6", pages = "064905", doi = "10.1103/PhysRevC.91.064905", eprint = "1412.6828", archivePrefix = "arXiv", primaryClass = "nucl-ex", reportNumber = "CERN-PH-EP-2014-281", SLACcitation = "%%CITATION = ARXIV:1412.6828;%%"} 

 
@article{ALICE:2014rma, author = "Abelev, Betty Bezverkhny and others", title = "{Inclusive photon production at forward rapidities in proton-proton collisions at $\sqrt{s}$ = 0.9, 2.76 and 7 TeV}", collaboration = "ALICE", journal = "Eur. Phys. J.", volume = "C75", year = "2015", number = "4", pages = "146", doi = "10.1140/epjc/s10052-015-3356-2", eprint = "1411.4981", archivePrefix = "arXiv", primaryClass = "nucl-ex", reportNumber = "CERN-PH-EP-2014-280", SLACcitation = "%%CITATION = ARXIV:1411.4981;%%"} 

 
@article{ALICE:2014dla, author = "Abelev, Betty Bezverkhny and others", title = "{Charged jet cross sections and properties in proton-proton collisions at $\sqrt{s}=7$ TeV}", collaboration = "ALICE", journal = "Phys. Rev.", volume = "D91", year = "2015", number = "11", pages = "112012", doi = "10.1103/PhysRevD.91.112012", eprint = "1411.4969", archivePrefix = "arXiv", primaryClass = "nucl-ex", reportNumber = "CERN-PH-EP-2014-254", SLACcitation = "%%CITATION = ARXIV:1411.4969;%%"} 

 
@article{Abelev:2014oea, author = "Abelev, Betty Bezverkhny and others", title = "{Production of inclusive $\Upsilon$(1S) and $\Upsilon$(2S) in p-Pb collisions at $\mathbf{\sqrt{s_{{\rm NN}}} = 5.02}$ TeV}", collaboration = "ALICE", journal = "Phys. Lett.", volume = "B740", year = "2015", pages = "105-117", doi = "10.1016/j.physletb.2014.11.041", eprint = "1410.2234", archivePrefix = "arXiv", primaryClass = "nucl-ex", reportNumber = "CERN-PH-EP-2014-196, ALICE-PUBLIC-2014-002", SLACcitation = "%%CITATION = ARXIV:1410.2234;%%"} 

 
@article{Abelev:2014ckr, author = "Abelev, Betty Bezverkhny and others", title = "{Event-by-event mean ${p}_{\mathbf {T}}$ fluctuations in pp and Pb-Pb collisions at the LHC}", collaboration = "ALICE", journal = "Eur. Phys. J.", volume = "C74", year = "2014", number = "10", pages = "3077", doi = "10.1140/epjc/s10052-014-3077-y", eprint = "1407.5530", archivePrefix = "arXiv", primaryClass = "nucl-ex", reportNumber = "CERN-PH-EP-2014-169", SLACcitation = "%%CITATION = ARXIV:1407.5530;%%"} 

 
@article{TheALICE:2014dwa, author = "Abelev, Betty Bezverkhny and others", title = "{Exclusive $\mathrm{J/}\psi$ photoproduction off protons in ultra-peripheral p-Pb collisions at $\sqrt{s_{\rm NN}}=5.02$ TeV}", collaboration = "ALICE", journal = "Phys. Rev. Lett.", volume = "113", year = "2014", number = "23", pages = "232504", doi = "10.1103/PhysRevLett.113.232504", eprint = "1406.7819", archivePrefix = "arXiv", primaryClass = "nucl-ex", reportNumber = "CERN-PH-EP-2014-149", SLACcitation = "%%CITATION = ARXIV:1406.7819;%%"} 

 %%% contains utf-8, see: http://inspirehep.net/info/faq/general#utf8%%% add \usepackage[utf8]{inputenc} to your latex preamble
@article{Abelev:2014mva, author = "Abelev, Betty Bezverkhny and others", title = "{Multiplicity dependence of jet-like two-particle correlation structures in p-Pb collisions at $\sqrt{s_{NN}}$=5.02 TeV}", collaboration = "ALICE", journal = "Phys. Lett.", volume = "B741", year = "2015", pages = "38-50", doi = "10.1016/j.physletb.2014.11.028", eprint = "1406.5463", archivePrefix = "arXiv", primaryClass = "nucl-ex", reportNumber = "CERN-PH-EP-2014-084", SLACcitation = "%%CITATION = ARXIV:1406.5463;%%"} 

 
@article{Abelev:2014qqa, author = "Abelev, Betty Bezverkhny and others", title = "{Production of $\Sigma(1385)^{\pm}$ and $\Xi(1530)^{0}$ in proton-proton collisions at $\sqrt{s}=$ 7 TeV}", collaboration = "ALICE", journal = "Eur. Phys. J.", volume = "C75", year = "2015", number = "1", pages = "1", doi = "10.1140/epjc/s10052-014-3191-x", eprint = "1406.3206", archivePrefix = "arXiv", primaryClass = "nucl-ex", reportNumber = "CERN-PH-EP-2014-128", SLACcitation = "%%CITATION = ARXIV:1406.3206;%%"} 

 
@article{Abelev:2014mda, author = "Abelev, Betty Bezverkhny and others", title = "{Multiparticle azimuthal correlations in p -Pb and Pb-Pb collisions at the CERN Large Hadron Collider}", collaboration = "ALICE", journal = "Phys. Rev.", volume = "C90", year = "2014", number = "5", pages = "054901", doi = "10.1103/PhysRevC.90.054901", eprint = "1406.2474", archivePrefix = "arXiv", primaryClass = "nucl-ex", reportNumber = "CERN-PH-EP-2014-105", SLACcitation = "%%CITATION = ARXIV:1406.2474;%%"} 

 
@article{Abelev:2014pua, author = "Abelev, Betty Bezverkhny and others", title = "{Elliptic flow of identified hadrons in Pb-Pb collisions at $ \sqrt{s_{\mathrm{NN}}}=2.76 $ TeV}", collaboration = "ALICE", journal = "JHEP", volume = "06", year = "2015", pages = "190", doi = "10.1007/JHEP06(2015)190", eprint = "1405.4632", archivePrefix = "arXiv", primaryClass = "nucl-ex", reportNumber = "CERN-PH-EP-2014-104", SLACcitation = "%%CITATION = ARXIV:1405.4632;%%"} 

 
@article{Abelev:2014nua, author = "Abelev, Betty Bezverkhny and others", title = "{Suppression of $\Upsilon (1S)$ at forward rapidity in Pb-Pb collisions at $\sqrt{s_{\rm NN}} = 2.76$ TeV}", collaboration = "ALICE", journal = "Phys. Lett.", volume = "B738", year = "2014", pages = "361-372", doi = "10.1016/j.physletb.2014.10.001", eprint = "1405.4493", archivePrefix = "arXiv", primaryClass = "nucl-ex", reportNumber = "CERN-PH-EP-2014-103, ALICE-PUBLIC-2014-001", SLACcitation = "%%CITATION = ARXIV:1405.4493;%%"} 

 
@article{Abelev:2014hla, author = "Abelev, Betty Bezverkhny and others", title = "{Beauty production in pp collisions at $\sqrt{s}$ = 2.76 TeV measured via semi-electronic decays}", collaboration = "ALICE", journal = "Phys. Lett.", volume = "B738", year = "2014", pages = "97-108", doi = "10.1016/j.physletb.2014.09.026", eprint = "1405.4144", archivePrefix = "arXiv", primaryClass = "nucl-ex", reportNumber = "CERN-PH-EP-2014-089", SLACcitation = "%%CITATION = ARXIV:1405.4144;%%"} 

 
@article{Abelev:2014gla, author = "Abelev, Betty Bezverkhny and others", title = "{Measurement of electrons from semileptonic heavy-flavor hadron decays in $pp$ collisions at $\sqrt{s} = 2.76$ TeV}", collaboration = "ALICE", journal = "Phys. Rev.", volume = "D91", year = "2015", number = "1", pages = "012001", doi = "10.1103/PhysRevD.91.012001", eprint = "1405.4117", archivePrefix = "arXiv", primaryClass = "nucl-ex", reportNumber = "CERN-PH-EP-2014-097", SLACcitation = "%%CITATION = ARXIV:1405.4117;%%"} 

 
@article{Abelev:2014zpa, author = "Abelev, Betty Bezverkhny and others", title = "{Suppression of $\psi$(2S) production in p-Pb collisions at $\sqrt{s_{\rm NN}}$ = 5.02 TeV}", collaboration = "ALICE", journal = "JHEP", volume = "12", year = "2014", pages = "073", doi = "10.1007/JHEP12(2014)073", eprint = "1405.3796", archivePrefix = "arXiv", primaryClass = "nucl-ex", reportNumber = "CERN-PH-EP-2014-092", SLACcitation = "%%CITATION = ARXIV:1405.3796;%%"} 

 
@article{Abelev:2014ypa, author = "Abelev, Betty Bezverkhny and others", title = "{Neutral pion production at midrapidity in pp and Pb-Pb collisions at $\sqrt{s_{{\mathrm {NN}}}}= 2.76\,{\mathrm {TeV}}$}", collaboration = "ALICE", journal = "Eur. Phys. J.", volume = "C74", year = "2014", number = "10", pages = "3108", doi = "10.1140/epjc/s10052-014-3108-8", eprint = "1405.3794", archivePrefix = "arXiv", primaryClass = "nucl-ex", reportNumber = "CERN-PH-EP-2014-091", SLACcitation = "%%CITATION = ARXIV:1405.3794;%%"} 

 
@article{Abelev:2014hha, author = "Abelev, Betty Bezverkhny and others", title = "{Measurement of prompt $D$-meson production in $p-Pb$ collisions at $\sqrt{s_{NN}}$ = 5.02 TeV}", collaboration = "ALICE", journal = "Phys. Rev. Lett.", volume = "113", year = "2014", number = "23", pages = "232301", doi = "10.1103/PhysRevLett.113.232301", eprint = "1405.3452", archivePrefix = "arXiv", primaryClass = "nucl-ex", reportNumber = "CERN-PH-EP-2014-090, CERN-PH-EP-2014-90, ALICE-PUBLIC-2015-001", SLACcitation = "%%CITATION = ARXIV:1405.3452;%%"} 

 
@article{Abelev:2014dsa, author = "Abelev, Betty Bezverkhny and others", title = "{Transverse momentum dependence of inclusive primary charged-particle production in p-Pb collisions at $\sqrt{s_\mathrm{{NN}}}=5.02~\mathrm{TeV}$}", collaboration = "ALICE", journal = "Eur. Phys. J.", volume = "C74", year = "2014", number = "9", pages = "3054", doi = "10.1140/epjc/s10052-014-3054-5", eprint = "1405.2737", archivePrefix = "arXiv", primaryClass = "nucl-ex", reportNumber = "CERN-PH-EP-2014-088", SLACcitation = "%%CITATION = ARXIV:1405.2737;%%"} 

 
@article{Abelev:2014ipa, author = "Abelev, Betty Bezverkhny and others", title = "{Azimuthal anisotropy of D meson production in Pb-Pb collisions at $\sqrt{s_{\rm NN}} = 2.76$ TeV}", collaboration = "ALICE", journal = "Phys. Rev.", volume = "C90", year = "2014", number = "3", pages = "034904", doi = "10.1103/PhysRevC.90.034904", eprint = "1405.2001", archivePrefix = "arXiv", primaryClass = "nucl-ex", reportNumber = "CERN-PH-EP-2014-083", SLACcitation = "%%CITATION = ARXIV:1405.2001;%%"} 

 
@article{Abelev:2014epa, author = "Abelev, Betty Bezverkhny and others", title = "{Measurement of visible cross sections in proton-lead collisions at $\sqrt{s_{\rm NN}}$ = 5.02 TeV in van der Meer scans with the ALICE detector}", collaboration = "ALICE", journal = "JINST", volume = "9", year = "2014", number = "11", pages = "P11003", doi = "10.1088/1748-0221/9/11/P11003", eprint = "1405.1849", archivePrefix = "arXiv", primaryClass = "nucl-ex", reportNumber = "CERN-PH-EP-2014-087", SLACcitation = "%%CITATION = ARXIV:1405.1849;%%"} 

 %%% contains utf-8, see: http://inspirehep.net/info/faq/general#utf8%%% add \usepackage[utf8]{inputenc} to your latex preamble
@article{Abelev:2014pja, author = "Abelev, Betty Bezverkhny and others", title = "{Freeze-out radii extracted from three-pion cumulants in pp, p-Pb and Pb-Pb collisions at the LHC}", collaboration = "ALICE", journal = "Phys. Lett.", volume = "B739", year = "2014", pages = "139-151", doi = "10.1016/j.physletb.2014.10.034", eprint = "1404.1194", archivePrefix = "arXiv", primaryClass = "nucl-ex", reportNumber = "CERN-PH-EP-2014-062, ALICE-PUBLIC-2014-003", SLACcitation = "%%CITATION = ARXIV:1404.1194;%%"} 

 %%% contains utf-8, see: http://inspirehep.net/info/faq/general#utf8%%% add \usepackage[utf8]{inputenc} to your latex preamble
@article{Abelev:2014uua, author = "Abelev, Betty Bezverkhny and others", title = "{$K^*(892)^0$ and $\phi(1020)$ production in Pb-Pb collisions at $\sqrt{s{NN}}$ = 2.76 TeV}", collaboration = "ALICE", journal = "Phys. Rev.", volume = "C91", year = "2015", pages = "024609", doi = "10.1103/PhysRevC.91.024609", eprint = "1404.0495", archivePrefix = "arXiv", primaryClass = "nucl-ex", reportNumber = "CERN-PH-EP-2014-060", SLACcitation = "%%CITATION = ARXIV:1404.0495;%%"} 

 
@article{Abelev:2014qha, author = "Abelev, Betty Bezverkhny and others", title = "{Measurement of quarkonium production at forward rapidity in $pp$ collisions at $\sqrt{s} = 7$ TeV}", collaboration = "ALICE", journal = "Eur. Phys. J.", volume = "C74", year = "2014", number = "8", pages = "2974", doi = "10.1140/epjc/s10052-014-2974-4", eprint = "1403.3648", archivePrefix = "arXiv", primaryClass = "nucl-ex", reportNumber = "CERN-PH-EP-2014-042", SLACcitation = "%%CITATION = ARXIV:1403.3648;%%"} 

 
@article{Abelev:2014ffa, author = "Abelev, Betty Bezverkhny and others", title = "{Performance of the ALICE Experiment at the CERN LHC}", collaboration = "ALICE", journal = "Int. J. Mod. Phys.", volume = "A29", year = "2014", pages = "1430044", doi = "10.1142/S0217751X14300440", eprint = "1402.4476", archivePrefix = "arXiv", primaryClass = "nucl-ex", reportNumber = "CERN-PH-EP-2014-031", SLACcitation = "%%CITATION = ARXIV:1402.4476;%%"} 

 %%% contains utf-8, see: http://inspirehep.net/info/faq/general#utf8%%% add \usepackage[utf8]{inputenc} to your latex preamble
@article{Abelev:2014laa, author = "Abelev, Betty Bezverkhny and others", title = "{Production of charged pions, kaons and protons at large transverse momenta in pp and Pb-Pb collisions at $\sqrt{s_{\rm NN}}$ =2.76 TeV}", collaboration = "ALICE", journal = "Phys. Lett.", volume = "B736", year = "2014", pages = "196-207", doi = "10.1016/j.physletb.2014.07.011", eprint = "1401.1250", archivePrefix = "arXiv", primaryClass = "nucl-ex", reportNumber = "CERN-PH-EP-2013-230", SLACcitation = "%%CITATION = ARXIV:1401.1250;%%"} 

 
@article{Abelev:2013kqa, author = "Abelev, B. and others", title = "{Measurement of charged jet suppression in Pb-Pb collisions at $\sqrt{s_{NN}}$ = 2.76 TeV}", collaboration = "ALICE", journal = "JHEP", volume = "03", year = "2014", pages = "013", doi = "10.1007/JHEP03(2014)013", eprint = "1311.0633", archivePrefix = "arXiv", primaryClass = "nucl-ex", reportNumber = "CERN-PH-EP-2013-205", SLACcitation = "%%CITATION = ARXIV:1311.0633;%%"} 

 
@article{Abelev:2013ila, author = "Abelev, Betty Bezverkhny and others", title = "{Centrality, rapidity and transverse momentum dependence of $J/\psi$ suppression in Pb-Pb collisions at $\sqrt{s_{\rm NN}}$=2.76 TeV}", collaboration = "ALICE", journal = "Phys. Lett.", volume = "B734", year = "2014", pages = "314-327", doi = "10.1016/j.physletb.2014.05.064", eprint = "1311.0214", archivePrefix = "arXiv", primaryClass = "nucl-ex", reportNumber = "CERN-PH-EP-2013-203", SLACcitation = "%%CITATION = ARXIV:1311.0214;%%"} 

 
@article{Abelev:2013pqa, author = "Abelev, Betty Bezverkhny and others", title = "{Two- and three-pion quantum statistics correlations in Pb-Pb collisions at $\sqrt{{s}_{NN}} =$ 2.76 TeV at the CERN Large Hadron Collider}", collaboration = "ALICE", journal = "Phys. Rev.", volume = "C89", year = "2014", number = "2", pages = "024911", doi = "10.1103/PhysRevC.89.024911", eprint = "1310.7808", archivePrefix = "arXiv", primaryClass = "nucl-ex", reportNumber = "CERN-PH-EP-2013-201", SLACcitation = "%%CITATION = ARXIV:1310.7808;%%"} 

 
@article{Abelev:2013yxa, author = "Abelev, Betty Bezverkhny and others", title = "{$J/\psi$ production and nuclear effects in p-Pb collisions at $\sqrt{S_{NN}}$ = 5.02 TeV}", collaboration = "ALICE", journal = "JHEP", volume = "02", year = "2014", pages = "073", doi = "10.1007/JHEP02(2014)073", eprint = "1308.6726", archivePrefix = "arXiv", primaryClass = "nucl-ex", reportNumber = "CERN-PH-EP-2013-163, ALICE-PUBLIC-2013-002", SLACcitation = "%%CITATION = ARXIV:1308.6726;%%"} 

 
@article{Abelev:2013haa, author = "Abelev, Betty Bezverkhny and others", title = "{Multiplicity Dependence of Pion, Kaon, Proton and Lambda Production in p-Pb Collisions at $\sqrt{s_{NN}}$ = 5.02 TeV}", collaboration = "ALICE", journal = "Phys. Lett.", volume = "B728", year = "2014", pages = "25-38", doi = "10.1016/j.physletb.2013.11.020", eprint = "1307.6796", archivePrefix = "arXiv", primaryClass = "nucl-ex", reportNumber = "CERN-PH-EP-2013-135", SLACcitation = "%%CITATION = ARXIV:1307.6796;%%"} 

 
@article{ABELEV:2013zaa, author = "Abelev, Betty Bezverkhny and others", title = "{Multi-strange baryon production at mid-rapidity in Pb-Pb collisions at $\sqrt{s_{NN}}$ = 2.76 TeV}", collaboration = "ALICE", journal = "Phys. Lett.", volume = "B728", year = "2014", pages = "216-227", doi = "10.1016/j.physletb.2014.05.052, 10.1016/j.physletb.2013.11.048", note = "[Erratum: Phys. Lett.B734,409(2014)]", eprint = "1307.5543", archivePrefix = "arXiv", primaryClass = "nucl-ex", reportNumber = "CERN-PH-EP-2013-134", SLACcitation = "%%CITATION = ARXIV:1307.5543;%%"} 

 
@article{Abelev:2013xaa, author = "Abelev, Betty Bezverkhny and others", title = "{$K^0_S$ and $\Lambda$ production in Pb-Pb collisions at $\sqrt{s_{NN}}$ = 2.76 TeV}", collaboration = "ALICE", journal = "Phys. Rev. Lett.", volume = "111", year = "2013", pages = "222301", doi = "10.1103/PhysRevLett.111.222301", eprint = "1307.5530", archivePrefix = "arXiv", primaryClass = "nucl-ex", reportNumber = "CERN-PH-EP-2013-132", SLACcitation = "%%CITATION = ARXIV:1307.5530;%%"} 

 
@article{ABELEV:2013wsa, author = "Abelev, Betty Bezverkhny and others", title = "{Long-range angular correlations of $\rm \pi$, K and p in p-Pb collisions at $\sqrt{s_{\rm NN}}$ = 5.02 TeV}", collaboration = "ALICE", journal = "Phys. Lett.", volume = "B726", year = "2013", pages = "164-177", doi = "10.1016/j.physletb.2013.08.024", eprint = "1307.3237", archivePrefix = "arXiv", primaryClass = "nucl-ex", reportNumber = "CERN-PH-EP-2013-115", SLACcitation = "%%CITATION = ARXIV:1307.3237;%%"} 

 
@article{Abelev:2013sqa, author = "Abelev, Betty and others", title = "{Multiplicity dependence of two-particle azimuthal correlations in pp collisions at the LHC}", collaboration = "ALICE", journal = "JHEP", volume = "09", year = "2013", pages = "049", doi = "10.1007/JHEP09(2013)049", eprint = "1307.1249", archivePrefix = "arXiv", primaryClass = "nucl-ex", reportNumber = "CERN-PH-EP-2013-107", SLACcitation = "%%CITATION = ARXIV:1307.1249;%%"} 

 
@article{Abelev:2013ala, author = "Abelev, Betty Bezverkhny and others", title = "{Energy Dependence of the Transverse Momentum Distributions of Charged Particles in pp Collisions Measured by ALICE}", collaboration = "ALICE", journal = "Eur. Phys. J.", volume = "C73", year = "2013", number = "12", pages = "2662", doi = "10.1140/epjc/s10052-013-2662-9", eprint = "1307.1093", archivePrefix = "arXiv", primaryClass = "nucl-ex", reportNumber = "CERN-PH-EP-2013-109", SLACcitation = "%%CITATION = ARXIV:1307.1093;%%"} 

 
@article{Abelev:2013bla, author = "Abelev, Betty Bezverkhny and others", title = "{Multiplicity dependence of the average transverse momentum in pp, p-Pb, and Pb-Pb collisions at the LHC}", collaboration = "ALICE", journal = "Phys. Lett.", volume = "B727", year = "2013", pages = "371-380", doi = "10.1016/j.physletb.2013.10.054", eprint = "1307.1094", archivePrefix = "arXiv", primaryClass = "nucl-ex", reportNumber = "CERN-PH-EP-2013-111", SLACcitation = "%%CITATION = ARXIV:1307.1094;%%"} 

 
@article{Abelev:2013cva, author = "Abelev, Betty and others", title = "{Directed Flow of Charged Particles at Midrapidity Relative to the Spectator Plane in Pb-Pb Collisions at $\sqrt{s_{NN}}$=2.76 TeV}", collaboration = "ALICE", journal = "Phys. Rev. Lett.", volume = "111", year = "2013", number = "23", pages = "232302", doi = "10.1103/PhysRevLett.111.232302", eprint = "1306.4145", archivePrefix = "arXiv", primaryClass = "nucl-ex", reportNumber = "CERN-PH-EP-2013-100", SLACcitation = "%%CITATION = ARXIV:1306.4145;%%"} 

 
@article{Abbas:2013taa, author = "Abbas, E. and others", title = "{Performance of the ALICE VZERO system}", collaboration = "ALICE", journal = "JINST", volume = "8", year = "2013", pages = "P10016", doi = "10.1088/1748-0221/8/10/P10016", eprint = "1306.3130", archivePrefix = "arXiv", primaryClass = "nucl-ex", reportNumber = "CERN-PH-EP-2013-082", SLACcitation = "%%CITATION = ARXIV:1306.3130;%%"} 

 
@article{Abbas:2013oua, author = "Abbas, E. and others", title = "{Charmonium and $e^+e^-$ pair photoproduction at mid-rapidity in ultra-peripheral Pb-Pb collisions at $\sqrt{s_{\rm NN}}$=2.76 TeV}", collaboration = "ALICE", journal = "Eur. Phys. J.", volume = "C73", year = "2013", number = "11", pages = "2617", doi = "10.1140/epjc/s10052-013-2617-1", eprint = "1305.1467", archivePrefix = "arXiv", primaryClass = "nucl-ex", reportNumber = "CERN-PH-EP-2013-066", SLACcitation = "%%CITATION = ARXIV:1305.1467;%%"} 

 
@article{Abelev:2013lca, author = "Abelev, B. and others", title = "{D meson elliptic flow in non-central Pb-Pb collisions at $\sqrt{s_{\rm NN}}$ = 2.76TeV}", collaboration = "ALICE", journal = "Phys. Rev. Lett.", volume = "111", year = "2013", pages = "102301", doi = "10.1103/PhysRevLett.111.102301", eprint = "1305.2707", archivePrefix = "arXiv", primaryClass = "nucl-ex", reportNumber = "CERN-PH-EP-2013-085", SLACcitation = "%%CITATION = ARXIV:1305.2707;%%"} 

 
@article{Abbas:2013rua, author = "Abbas, E. and others", title = "{Mid-rapidity anti-baryon to baryon ratios in pp collisions at $\sqrt{s}$ = 0.9, 2.76 and 7 TeV measured by ALICE}", collaboration = "ALICE", journal = "Eur. Phys. J.", volume = "C73", year = "2013", pages = "2496", doi = "10.1140/epjc/s10052-013-2496-5", eprint = "1305.1562", archivePrefix = "arXiv", primaryClass = "nucl-ex", reportNumber = "CERN-PH-EP-2013-080", SLACcitation = "%%CITATION = ARXIV:1305.1562;%%"} 

 
@article{Abbas:2013bpa, author = "Abbas, Ehab and others", title = "{Centrality dependence of the pseudorapidity density distribution for charged particles in Pb-Pb collisions at $\sqrt{s_{\rm NN}}$ = 2.76 TeV}", collaboration = "ALICE", journal = "Phys. Lett.", volume = "B726", year = "2013", pages = "610-622", doi = "10.1016/j.physletb.2013.09.022", eprint = "1304.0347", archivePrefix = "arXiv", primaryClass = "nucl-ex", reportNumber = "CERN-PH-EP-2013-045", SLACcitation = "%%CITATION = ARXIV:1304.0347;%%"} 

 
@article{ALICE:2013xna, author = "Abbas, Ehab and others", title = "{J/Psi Elliptic Flow in Pb-Pb Collisions at $\sqrt{s_{\rm NN}}$ = 2.76 TeV}", collaboration = "ALICE", journal = "Phys. Rev. Lett.", volume = "111", year = "2013", pages = "162301", doi = "10.1103/PhysRevLett.111.162301", eprint = "1303.5880", archivePrefix = "arXiv", primaryClass = "nucl-ex", reportNumber = "CERN-PH-EP-2013-042", SLACcitation = "%%CITATION = ARXIV:1303.5880;%%"} 

 
@article{Abelev:2013vea, author = "Abelev, Betty and others", title = "{Centrality dependence of $\pi$, K, p production in Pb-Pb collisions at $\sqrt{s_{NN}}$ = 2.76 TeV}", collaboration = "ALICE", journal = "Phys. Rev.", volume = "C88", year = "2013", pages = "044910", doi = "10.1103/PhysRevC.88.044910", eprint = "1303.0737", archivePrefix = "arXiv", primaryClass = "hep-ex", reportNumber = "CERN-PH-EP-2013-019", SLACcitation = "%%CITATION = ARXIV:1303.0737;%%"} 

 
@article{Abelev:2013qoq, author = "Abelev, Betty and others", title = "{Centrality determination of Pb-Pb collisions at $\sqrt{s_{NN}}$ = 2.76 TeV with ALICE}", collaboration = "ALICE", journal = "Phys. Rev.", volume = "C88", year = "2013", number = "4", pages = "044909", doi = "10.1103/PhysRevC.88.044909", eprint = "1301.4361", archivePrefix = "arXiv", primaryClass = "nucl-ex", reportNumber = "CERN-PH-EP-2012-368", SLACcitation = "%%CITATION = ARXIV:1301.4361;%%"} 

 
@article{Abelev:2013csa, author = "Abelev, Betty and others", title = "{Charge correlations using the balance function in Pb-Pb collisions at $\sqrt{s_{NN}}$ = 2.76 TeV}", collaboration = "ALICE", journal = "Phys. Lett.", volume = "B723", year = "2013", pages = "267-279", doi = "10.1016/j.physletb.2013.05.039", eprint = "1301.3756", archivePrefix = "arXiv", primaryClass = "nucl-ex", reportNumber = "CERN-PH-EP-2012-371", SLACcitation = "%%CITATION = ARXIV:1301.3756;%%"} 

 
@article{Abelev:2013fn, author = "Abelev, B. and others", title = "{Measurement of the inclusive differential jet cross section in $pp$ collisions at $\sqrt{s} = 2.76$ TeV}", collaboration = "ALICE", journal = "Phys. Lett.", volume = "B722", year = "2013", pages = "262-272", doi = "10.1016/j.physletb.2013.04.026", eprint = "1301.3475", archivePrefix = "arXiv", primaryClass = "nucl-ex", reportNumber = "CERN-PH-EP-2012-301", SLACcitation = "%%CITATION = ARXIV:1301.3475;%%"} 

 
@article{Abelev:2012sq, author = "Abelev, B. and others", title = "{Charged kaon femtoscopic correlations in $pp$ collisions at $\sqrt{s}=7$ TeV}", collaboration = "ALICE", journal = "Phys. Rev.", volume = "D87", year = "2013", number = "5", pages = "052016", doi = "10.1103/PhysRevD.87.052016", eprint = "1212.5958", archivePrefix = "arXiv", primaryClass = "hep-ex", SLACcitation = "%%CITATION = ARXIV:1212.5958;%%"} 

 
@article{Abelev:2012ola, author = "Abelev, Betty and others", title = "{Long-range angular correlations on the near and away side in $p$-Pb collisions at $\sqrt{s_{NN}}=5.02$ TeV}", collaboration = "ALICE", journal = "Phys. Lett.", volume = "B719", year = "2013", pages = "29-41", doi = "10.1016/j.physletb.2013.01.012", eprint = "1212.2001", archivePrefix = "arXiv", primaryClass = "nucl-ex", reportNumber = "CERN-PH-EP-2012-359", SLACcitation = "%%CITATION = ARXIV:1212.2001;%%"} 

 
@article{ALICE:2012mj, author = "Abelev, Betty and others", title = "{Transverse momentum distribution and nuclear modification factor of charged particles in $p$-Pb collisions at $\sqrt{s_{NN}}=5.02$ TeV}", collaboration = "ALICE", journal = "Phys. Rev. Lett.", volume = "110", year = "2013", number = "8", pages = "082302", doi = "10.1103/PhysRevLett.110.082302", eprint = "1210.4520", archivePrefix = "arXiv", primaryClass = "nucl-ex", reportNumber = "CERN-PH-EP-2012-306", SLACcitation = "%%CITATION = ARXIV:1210.4520;%%"} 

 
@article{ALICE:2012xs, author = "Abelev, Betty and others", title = "{Pseudorapidity density of charged particles in $p$ + Pb collisions at $\sqrt{s_{NN}}=5.02$ TeV}", collaboration = "ALICE", journal = "Phys. Rev. Lett.", volume = "110", year = "2013", number = "3", pages = "032301", doi = "10.1103/PhysRevLett.110.032301", eprint = "1210.3615", archivePrefix = "arXiv", primaryClass = "nucl-ex", reportNumber = "CERN-PH-EP-2012-307", SLACcitation = "%%CITATION = ARXIV:1210.3615;%%"} 

 
@article{Abelev:2012ba, author = "Abelev, Betty and others", title = "{Coherent $J/\psi$ photoproduction in ultra-peripheral Pb-Pb collisions at $\sqrt{s_{NN}} = 2.76$ TeV}", collaboration = "ALICE", journal = "Phys. Lett.", volume = "B718", year = "2013", pages = "1273-1283", doi = "10.1016/j.physletb.2012.11.059", eprint = "1209.3715", archivePrefix = "arXiv", primaryClass = "nucl-ex", reportNumber = "CERN-PH-EP-2012-270", SLACcitation = "%%CITATION = ARXIV:1209.3715;%%"} 

 
@article{Abelev:2012hy, author = "Abelev, Betty and others", title = "{Production of $K^*(892)^0$ and $\phi(1020)$ in $pp$ collisions at $\sqrt{s}=7$ TeV}", collaboration = "ALICE", journal = "Eur. Phys. J.", volume = "C72", year = "2012", pages = "2183", doi = "10.1140/epjc/s10052-012-2183-y", eprint = "1208.5717", archivePrefix = "arXiv", primaryClass = "hep-ex", SLACcitation = "%%CITATION = ARXIV:1208.5717;%%"} 

 
@article{Abelev:2012sea, author = "Abelev, Betty and others", title = "{Measurement of inelastic, single- and double-diffraction cross sections in proton--proton collisions at the LHC with ALICE}", collaboration = "ALICE", journal = "Eur. Phys. J.", volume = "C73", year = "2013", number = "6", pages = "2456", doi = "10.1140/epjc/s10052-013-2456-0", eprint = "1208.4968", archivePrefix = "arXiv", primaryClass = "hep-ex", reportNumber = "CERN-PH-EP-2012-138, CERN-PH-EP-2012-238", SLACcitation = "%%CITATION = ARXIV:1208.4968;%%"} 

 
@article{Abelev:2012hxa, author = "Abelev, Betty and others", title = "{Centrality Dependence of Charged Particle Production at Large Transverse Momentum in Pb--Pb Collisions at $\sqrt{s_{\rm{NN}}} = 2.76$ TeV}", collaboration = "ALICE", journal = "Phys. Lett.", volume = "B720", year = "2013", pages = "52-62", doi = "10.1016/j.physletb.2013.01.051", eprint = "1208.2711", archivePrefix = "arXiv", primaryClass = "hep-ex", SLACcitation = "%%CITATION = ARXIV:1208.2711;%%"} 

 
@article{Abelev:2012wca, author = "Abelev, Betty and others", title = "{Pion, Kaon, and Proton Production in Central Pb--Pb Collisions at $\sqrt{s_{NN}} = 2.76$ TeV}", collaboration = "ALICE", journal = "Phys. Rev. Lett.", volume = "109", year = "2012", pages = "252301", doi = "10.1103/PhysRevLett.109.252301", eprint = "1208.1974", archivePrefix = "arXiv", primaryClass = "hep-ex", reportNumber = "CERN-PH-EP-2012-230", SLACcitation = "%%CITATION = ARXIV:1208.1974;%%"} 

 
@article{Abelev:2012sca, author = "Abelev, Betty and others", title = "{Measurement of electrons from beauty hadron decays in $pp$ collisions at $\sqrt{s}=7$ TeV}", collaboration = "ALICE", journal = "Phys. Lett.", volume = "B721", year = "2013", pages = "13-23", doi = "10.1016/j.physletb.2013.01.069", eprint = "1208.1902", archivePrefix = "arXiv", primaryClass = "hep-ex", SLACcitation = "%%CITATION = ARXIV:1208.1902;%%"} 

 
@article{Abelev:2012tca, author = "Abelev, Betty and others", title = "{$D_{s}^+$ meson production at central rapidity in proton--proton collisions at $\sqrt{s}=7$ TeV}", collaboration = "ALICE", journal = "Phys. Lett.", volume = "B718", year = "2012", pages = "279-294", doi = "10.1016/j.physletb.2012.10.049", eprint = "1208.1948", archivePrefix = "arXiv", primaryClass = "hep-ex", reportNumber = "CERN-PH-EP-2012-227", SLACcitation = "%%CITATION = ARXIV:1208.1948;%%"} 

 
@article{Abelev:2012pv, author = "Abelev, Betty and others", title = "{Net-Charge Fluctuations in Pb-Pb collisions at $\sqrt{s}_{NN} = 2.76$ TeV}", collaboration = "ALICE", journal = "Phys. Rev. Lett.", volume = "110", year = "2013", number = "15", pages = "152301", doi = "10.1103/PhysRevLett.110.152301", eprint = "1207.6068", archivePrefix = "arXiv", primaryClass = "nucl-ex", SLACcitation = "%%CITATION = ARXIV:1207.6068;%%"} 

 
@article{Abelev:2012pa, author = "Abelev, Betty and others", title = "{Charge separation relative to the reaction plane in Pb-Pb collisions at $\sqrt{s_{NN}}= 2.76$ TeV}", collaboration = "ALICE", journal = "Phys. Rev. Lett.", volume = "110", year = "2013", number = "1", pages = "012301", doi = "10.1103/PhysRevLett.110.012301", eprint = "1207.0900", archivePrefix = "arXiv", primaryClass = "nucl-ex", reportNumber = "CERN-PH-EP-2012-183", SLACcitation = "%%CITATION = ARXIV:1207.0900;%%"} 

 
@article{Abelev:2012ms, author = "Abelev, Betty and others", title = "{$K^0_s-K^0_s$ correlations in $pp$ collisions at $\sqrt{s}=7$ TeV from the LHC ALICE experiment}", collaboration = "ALICE", journal = "Phys. Lett.", volume = "B717", year = "2012", pages = "151-161", doi = "10.1016/j.physletb.2012.09.013", eprint = "1206.2056", archivePrefix = "arXiv", primaryClass = "hep-ex", reportNumber = "CERN-PH-EP-2012-160", SLACcitation = "%%CITATION = ARXIV:1206.2056;%%"} 

 
@article{Abelev:2012qh, author = "Abelev, Betty and others", title = "{Production of muons from heavy flavour decays at forward rapidity in pp and Pb-Pb collisions at $\sqrt {s_{NN}}$ = 2.76 TeV}", collaboration = "ALICE", journal = "Phys. Rev. Lett.", volume = "109", year = "2012", pages = "112301", doi = "10.1103/PhysRevLett.109.112301", eprint = "1205.6443", archivePrefix = "arXiv", primaryClass = "hep-ex", reportNumber = "CERN-PH-EP-2012-155", SLACcitation = "%%CITATION = ARXIV:1205.6443;%%"} 

 
@article{Abelev:2012gx, author = "Abelev, Betty and others", title = "{Measurement of prompt $J/\psi$ and beauty hadron production cross sections at mid-rapidity in $pp$ collisions at $\sqrt{s} = 7$ TeV}", collaboration = "ALICE", journal = "JHEP", volume = "11", year = "2012", pages = "065", doi = "10.1007/JHEP11(2012)065", eprint = "1205.5880", archivePrefix = "arXiv", primaryClass = "hep-ex", reportNumber = "CERN-PH-EP-2012-132", SLACcitation = "%%CITATION = ARXIV:1205.5880;%%"} 

 
@article{Abelev:2012di, author = "Abelev, Betty and others", title = "{Anisotropic flow of charged hadrons, pions and (anti-)protons measured at high transverse momentum in Pb-Pb collisions at $\sqrt{s_{NN}}$=2.76 TeV}", collaboration = "ALICE", journal = "Phys. Lett.", volume = "B719", year = "2013", pages = "18-28", doi = "10.1016/j.physletb.2012.12.066", eprint = "1205.5761", archivePrefix = "arXiv", primaryClass = "nucl-ex", reportNumber = "CERN-PH-EP-2012-142", SLACcitation = "%%CITATION = ARXIV:1205.5761;%%"} 

 
@article{Abelev:2012cn, author = "Abelev, B. and others", title = "{Neutral pion and $\eta$ meson production in proton-proton collisions at $\sqrt{s}=0.9$ TeV and $\sqrt{s}=7$ TeV}", collaboration = "ALICE", journal = "Phys. Lett.", volume = "B717", year = "2012", pages = "162-172", doi = "10.1016/j.physletb.2012.09.015", eprint = "1205.5724", archivePrefix = "arXiv", primaryClass = "hep-ex", reportNumber = "CERN-PH-EP-2012-001", SLACcitation = "%%CITATION = ARXIV:1205.5724;%%"} 

 
@article{Abelev:2012xe, author = "Abelev, Betty and others", title = "{Measurement of electrons from semileptonic heavy-flavour hadron decays in pp collisions  at $\sqrt{s}$ = 7 TeV}", collaboration = "ALICE", journal = "Phys. Rev.", volume = "D86", year = "2012", pages = "112007", doi = "10.1103/PhysRevD.86.112007", eprint = "1205.5423", archivePrefix = "arXiv", primaryClass = "hep-ex", reportNumber = "CERN-PH-EP-2012-131", SLACcitation = "%%CITATION = ARXIV:1205.5423;%%"} 

 
@article{Abelev:2012vra, author = "Abelev, Betty and others", title = "{Measurement of charm production at central rapidity in proton-proton collisions at $\sqrt{s}=2.76$ TeV}", collaboration = "ALICE", journal = "JHEP", volume = "07", year = "2012", pages = "191", doi = "10.1007/JHEP07(2012)191", eprint = "1205.4007", archivePrefix = "arXiv", primaryClass = "hep-ex", SLACcitation = "%%CITATION = ARXIV:1205.4007;%%"} 

 
@article{Abelev:2012sk, author = "Abelev, Betty and others", title = "{Transverse sphericity of primary charged particles in minimum bias proton-proton collisions at $\sqrt{s}=0.9$, 2.76 and 7 TeV}", collaboration = "ALICE", journal = "Eur. Phys. J.", volume = "C72", year = "2012", pages = "2124", doi = "10.1140/epjc/s10052-012-2124-9", eprint = "1205.3963", archivePrefix = "arXiv", primaryClass = "hep-ex", reportNumber = "CERN-PH-EP-2012-136", SLACcitation = "%%CITATION = ARXIV:1205.3963;%%"} 

 
@article{Abelev:2012jp, author = "Abelev, Betty and others", title = "{Multi-strange baryon production in $pp$ collisions at $\sqrt{s} = 7$ TeV with ALICE}", collaboration = "ALICE", journal = "Phys. Lett.", volume = "B712", year = "2012", pages = "309-318", doi = "10.1016/j.physletb.2012.05.011", eprint = "1204.0282", archivePrefix = "arXiv", primaryClass = "nucl-ex", SLACcitation = "%%CITATION = ARXIV:1204.0282;%%"} 

 
@article{Abelev:2012kr, author = "Abelev, B. and others", title = "{Inclusive $J/\psi$ production in $pp$ collisions at $\sqrt{s} = 2.76$ TeV}", collaboration = "ALICE", journal = "Phys. Lett.", volume = "B718", year = "2012", pages = "295-306", doi = "10.1016/j.physletb.2012.10.078, 10.1016/j.physletb.2015.06.058", note = "[Erratum: Phys. Lett.B748,472(2015)]", eprint = "1203.3641", archivePrefix = "arXiv", primaryClass = "hep-ex", reportNumber = "CERN-PH-EP-2012-055", SLACcitation = "%%CITATION = ARXIV:1203.3641;%%"} 

 
@article{ALICE:2012aa, author = "Abelev, Betty and others", title = "{Measurement of the Cross Section for Electromagnetic Dissociation with Neutron Emission in Pb-Pb Collisions at $\sqrt{s_{NN}}$ = 2.76 TeV}", collaboration = "ALICE", journal = "Phys. Rev. Lett.", volume = "109", year = "2012", pages = "252302", doi = "10.1103/PhysRevLett.109.252302", eprint = "1203.2436", archivePrefix = "arXiv", primaryClass = "nucl-ex", SLACcitation = "%%CITATION = ARXIV:1203.2436;%%"} 

 
@article{ALICE:2012ab, author = "Abelev, Betty and others", title = "{Suppression of high transverse momentum D mesons in central Pb-Pb collisions at $\sqrt{s_{NN}}=2.76$ TeV}", collaboration = "ALICE", journal = "JHEP", volume = "09", year = "2012", pages = "112", doi = "10.1007/JHEP09(2012)112", eprint = "1203.2160", archivePrefix = "arXiv", primaryClass = "nucl-ex", reportNumber = "CERN-PH-EP-2012-069", SLACcitation = "%%CITATION = ARXIV:1203.2160;%%"} 

 
@article{Abelev:2012rz, author = "Abelev, B. and others", title = "{$J/\psi$ Production as a Function of Charged Particle Multiplicity in $pp$ Collisions at $\sqrt{s} = 7$ TeV}", collaboration = "ALICE", journal = "Phys. Lett.", volume = "B712", year = "2012", pages = "165-175", doi = "10.1016/j.physletb.2012.04.052", eprint = "1202.2816", archivePrefix = "arXiv", primaryClass = "hep-ex", SLACcitation = "%%CITATION = ARXIV:1202.2816;%%"} 

 
@article{Abelev:2012rv, author = "Abelev, Betty and others", title = "{$J/\psi$ suppression at forward rapidity in Pb-Pb collisions at $\sqrt{s_{NN}}=2.76$ TeV}", collaboration = "ALICE", journal = "Phys. Rev. Lett.", volume = "109", year = "2012", pages = "072301", doi = "10.1103/PhysRevLett.109.072301", eprint = "1202.1383", archivePrefix = "arXiv", primaryClass = "hep-ex", reportNumber = "CERN-PH-EP-2012-012", SLACcitation = "%%CITATION = ARXIV:1202.1383;%%"} 

 %%% contains utf-8, see: http://inspirehep.net/info/faq/general#utf8%%% add \usepackage[utf8]{inputenc} to your latex preamble
@article{Abelev:2012pi, author = "Abelev, Betty and others", title = "{Heavy flavour decay muon production at forward rapidity in proton-proton collisions at $\sqrt{s} =$ 7 TeV}", collaboration = "ALICE", journal = "Phys. Lett.", volume = "B708", year = "2012", pages = "265-275", doi = "10.1016/j.physletb.2012.01.063", eprint = "1201.3791", archivePrefix = "arXiv", primaryClass = "hep-ex", reportNumber = "CERN-PH-EP-2011-215", SLACcitation = "%%CITATION = ARXIV:1201.3791;%%"} 

 
@article{Abelev:2012ej, author = "Abelev, Betty and others", title = "{Measurement of Event Background Fluctuations for Charged Particle Jet Reconstruction in Pb-Pb collisions at $\sqrt{s_{NN}} = 2.76$ TeV}", collaboration = "ALICE", journal = "JHEP", volume = "03", year = "2012", pages = "053", doi = "10.1007/JHEP03(2012)053", eprint = "1201.2423", archivePrefix = "arXiv", primaryClass = "hep-ex", reportNumber = "CERN-PH-EP-2012-002", SLACcitation = "%%CITATION = ARXIV:1201.2423;%%"} 

 
@article{ALICE:2011ac, author = "Abelev, Betty and others", title = "{Underlying Event measurements in $pp$ collisions at $\sqrt{s}=0.9$ and 7 TeV with the ALICE experiment at the LHC}", collaboration = "ALICE", journal = "JHEP", volume = "07", year = "2012", pages = "116", doi = "10.1007/JHEP07(2012)116", eprint = "1112.2082", archivePrefix = "arXiv", primaryClass = "hep-ex", reportNumber = "CERN-PH-EP-2011-204", SLACcitation = "%%CITATION = ARXIV:1112.2082;%%"} 

 
@article{ALICE:2011ad, author = "Abelev, B. and others", title = "{Light vector meson production in $pp$ collisions at $\sqrt{s}=7$ TeV}", collaboration = "ALICE", journal = "Phys. Lett.", volume = "B710", year = "2012", pages = "557-568", doi = "10.1016/j.physletb.2012.03.038", eprint = "1112.2222", archivePrefix = "arXiv", primaryClass = "nucl-ex", reportNumber = "CERN-PH-EP-2011-196", SLACcitation = "%%CITATION = ARXIV:1112.2222;%%"} 

 
@article{Abelev:2011md, author = "Abelev, Betty and others", title = "{$J/\psi$ polarization in $pp$ collisions at $\sqrt{s}=7$ TeV}", collaboration = "ALICE", journal = "Phys. Rev. Lett.", volume = "108", year = "2012", pages = "082001", doi = "10.1103/PhysRevLett.108.082001", eprint = "1111.1630", archivePrefix = "arXiv", primaryClass = "hep-ex", reportNumber = "CERN-PH-EP-2011-182", SLACcitation = "%%CITATION = ARXIV:1111.1630;%%"} 

 
@article{ALICE:2011aa, author = "Abelev, B. and others", title = "{Measurement of charm production at central rapidity in proton-proton collisions at $\sqrt{s} = 7$ TeV}", collaboration = "ALICE", journal = "JHEP", volume = "01", year = "2012", pages = "128", doi = "10.1007/JHEP01(2012)128", eprint = "1111.1553", archivePrefix = "arXiv", primaryClass = "hep-ex", reportNumber = "CERN-PH-EP-2011-181", SLACcitation = "%%CITATION = ARXIV:1111.1553;%%"} 

 
@article{Aamodt:2011vg, author = "Aamodt, K. and others", title = "{Particle-yield modification in jet-like azimuthal di-hadron correlations in Pb-Pb collisions at $\sqrt{s_{NN}} = 2.76$ TeV}", collaboration = "ALICE", journal = "Phys. Rev. Lett.", volume = "108", year = "2012", pages = "092301", doi = "10.1103/PhysRevLett.108.092301", eprint = "1110.0121", archivePrefix = "arXiv", primaryClass = "nucl-ex", reportNumber = "CERN-PH-EP-2011-161", SLACcitation = "%%CITATION = ARXIV:1110.0121;%%"} 

 
@article{Aamodt:2011by, author = "Aamodt, K. and others", title = "{Harmonic decomposition of two-particle angular correlations in Pb-Pb collisions at $\sqrt{s_{NN}}=$ 2.76 TeV}", collaboration = "ALICE", journal = "Phys. Lett.", volume = "B708", year = "2012", pages = "249-264", doi = "10.1016/j.physletb.2012.01.060", eprint = "1109.2501", archivePrefix = "arXiv", primaryClass = "nucl-ex", SLACcitation = "%%CITATION = ARXIV:1109.2501;%%"} 

 
@article{ALICE:2011ab, author = "Aamodt, K. and others", title = "{Higher harmonic anisotropic flow measurements of charged particles in Pb-Pb collisions at $\sqrt{s_{NN}}$=2.76 TeV}", collaboration = "ALICE", journal = "Phys. Rev. Lett.", volume = "107", year = "2011", pages = "032301", doi = "10.1103/PhysRevLett.107.032301", eprint = "1105.3865", archivePrefix = "arXiv", primaryClass = "nucl-ex", reportNumber = "CERN-PH-EP-2011-073", SLACcitation = "%%CITATION = ARXIV:1105.3865;%%"} 

 
@article{Aamodt:2011gj, author = "Aamodt, K. and others", title = "{Rapidity and transverse momentum dependence of inclusive J$/\psi$ production in $pp$ collisions at $\sqrt{s} = 7$ TeV}", collaboration = "ALICE", journal = "Phys. Lett.", volume = "B704", year = "2011", pages = "442-455", doi = "10.1016/j.physletb.2011.09.054, 10.1016/j.physletb.2012.10.060", note = "[Erratum: Phys. Lett.B718,692(2012)]", eprint = "1105.0380", archivePrefix = "arXiv", primaryClass = "hep-ex", reportNumber = "CERN-PH-EP-2011-057", SLACcitation = "%%CITATION = ARXIV:1105.0380;%%"} 

 
@article{Aamodt:2011zj, author = "Aamodt, K. and others", title = "{Production of pions, kaons and protons in $pp$ collisions at $\sqrt{s}= 900$ GeV with ALICE at the LHC}", collaboration = "ALICE", journal = "Eur. Phys. J.", volume = "C71", year = "2011", pages = "1655", doi = "10.1140/epjc/s10052-011-1655-9", eprint = "1101.4110", archivePrefix = "arXiv", primaryClass = "hep-ex", reportNumber = "CERN-PH-EP-2010-085", SLACcitation = "%%CITATION = ARXIV:1101.4110;%%"} 

 
@article{Aamodt:2011kd, author = "Aamodt, K. and others", title = "{Femtoscopy of $pp$ collisions at $\sqrt{s}=0.9$ and 7 TeV at the LHC with two-pion Bose-Einstein correlations}", collaboration = "ALICE", journal = "Phys. Rev.", volume = "D84", year = "2011", pages = "112004", doi = "10.1103/PhysRevD.84.112004", eprint = "1101.3665", archivePrefix = "arXiv", primaryClass = "hep-ex", reportNumber = "CERN-PH-EP-2010-083", SLACcitation = "%%CITATION = ARXIV:1101.3665;%%"} 

 
@article{Aamodt:2011mr, author = "Aamodt, K. and others", title = "{Two-pion Bose-Einstein correlations in central Pb-Pb collisions at $\sqrt{{s}_{NN}} =$ 2.76 TeV}", collaboration = "ALICE", journal = "Phys. Lett.", volume = "B696", year = "2011", pages = "328-337", doi = "10.1016/j.physletb.2010.12.053", eprint = "1012.4035", archivePrefix = "arXiv", primaryClass = "nucl-ex", reportNumber = "CERN-PH-EP-ALICE-2010-006", SLACcitation = "%%CITATION = ARXIV:1012.4035;%%"} 

 
@article{Aamodt:2011zza, author = "Aamodt, K. and others", title = "{Strange particle production in proton-proton collisions at sqrt(s) = 0.9 TeV with ALICE at the LHC}", collaboration = "ALICE", journal = "Eur. Phys. J.", volume = "C71", year = "2011", pages = "1594", doi = "10.1140/epjc/s10052-011-1594-5", eprint = "1012.3257", archivePrefix = "arXiv", primaryClass = "hep-ex", reportNumber = "CERN-PH-EP-2010-065", SLACcitation = "%%CITATION = ARXIV:1012.3257;%%"} 

 
@article{Aamodt:2010cz, author = "Aamodt, Kenneth and others", title = "{Centrality dependence of the charged-particle multiplicity density at mid-rapidity in Pb-Pb collisions at $\sqrt{s_{NN}}=2.76$ TeV}", collaboration = "ALICE", journal = "Phys. Rev. Lett.", volume = "106", year = "2011", pages = "032301", doi = "10.1103/PhysRevLett.106.032301", eprint = "1012.1657", archivePrefix = "arXiv", primaryClass = "nucl-ex", SLACcitation = "%%CITATION = ARXIV:1012.1657;%%"} 

 
@article{Aamodt:2010jd, author = "Aamodt, K. and others", title = "{Suppression of Charged Particle Production at Large Transverse Momentum in Central Pb-Pb Collisions at $\sqrt{s_{NN}} =$ 2.76 TeV}", collaboration = "ALICE", journal = "Phys. Lett.", volume = "B696", year = "2011", pages = "30-39", doi = "10.1016/j.physletb.2010.12.020", eprint = "1012.1004", archivePrefix = "arXiv", primaryClass = "nucl-ex", reportNumber = "CERN-PH-EP-ALICE-2010-004", SLACcitation = "%%CITATION = ARXIV:1012.1004;%%"} 

 
@article{Aamodt:2010pa, author = "Aamodt, K and others", title = "{Elliptic flow of charged particles in Pb-Pb collisions at 2.76 TeV}", collaboration = "ALICE", journal = "Phys. Rev. Lett.", volume = "105", year = "2010", pages = "252302", doi = "10.1103/PhysRevLett.105.252302", eprint = "1011.3914", archivePrefix = "arXiv", primaryClass = "nucl-ex", SLACcitation = "%%CITATION = ARXIV:1011.3914;%%"} 

 
@article{Aamodt:2010pb, author = "Aamodt, K and others", title = "{Charged-particle multiplicity density at mid-rapidity in central Pb-Pb collisions at $\sqrt{s_{NN}} = 2.76$ TeV}", collaboration = "ALICE", journal = "Phys. Rev. Lett.", volume = "105", year = "2010", pages = "252301", doi = "10.1103/PhysRevLett.105.252301", eprint = "1011.3916", archivePrefix = "arXiv", primaryClass = "nucl-ex", SLACcitation = "%%CITATION = ARXIV:1011.3916;%%"} 

 
@article{Aamodt:2010my, author = "Aamodt, K and others", title = "{Transverse momentum spectra of charged particles in proton-proton collisions at $\sqrt{s} = 900$~GeV with ALICE at the LHC}", collaboration = "ALICE", journal = "Phys. Lett.", volume = "B693", year = "2010", pages = "53-68", doi = "10.1016/j.physletb.2010.08.026", eprint = "1007.0719", archivePrefix = "arXiv", primaryClass = "hep-ex", SLACcitation = "%%CITATION = ARXIV:1007.0719;%%"} 

 
@article{Aamodt:2010jj, author = "Aamodt, K and others", title = "{Two-pion Bose-Einstein correlations in $pp$ collisions at $\sqrt{s}=900$ GeV}", collaboration = "ALICE", journal = "Phys. Rev.", volume = "D82", year = "2010", pages = "052001", doi = "10.1103/PhysRevD.82.052001", eprint = "1007.0516", archivePrefix = "arXiv", primaryClass = "hep-ex", SLACcitation = "%%CITATION = ARXIV:1007.0516;%%"} 

 
@article{Aamodt:2010dx, author = "Aamodt, K. and others", title = "{Midrapidity antiproton-to-proton ratio in pp collisions at $\sqrt{s} = 0.9$ and $7$~TeV measured by the ALICE experiment}", collaboration = "ALICE", journal = "Phys. Rev. Lett.", volume = "105", year = "2010", pages = "072002", doi = "10.1103/PhysRevLett.105.072002", eprint = "1006.5432", archivePrefix = "arXiv", primaryClass = "hep-ex", SLACcitation = "%%CITATION = ARXIV:1006.5432;%%"} 

 
@article{Aamodt:2010pp, author = "Aamodt, K. and others", title = "{Charged-particle multiplicity measurement in proton-proton collisions at $\sqrt{s}=7$ TeV with ALICE at LHC}", collaboration = "ALICE", journal = "Eur. Phys. J.", volume = "C68", year = "2010", pages = "345-354", doi = "10.1140/epjc/s10052-010-1350-2", eprint = "1004.3514", archivePrefix = "arXiv", primaryClass = "hep-ex", SLACcitation = "%%CITATION = ARXIV:1004.3514;%%"} 

 
@article{Aamodt:2010ft, author = "Aamodt, K. and others", title = "{Charged-particle multiplicity measurement in proton-proton collisions at $\sqrt{s}=0.9$ and 2.36 TeV with ALICE at LHC}", collaboration = "ALICE", journal = "Eur. Phys. J.", volume = "C68", year = "2010", pages = "89-108", doi = "10.1140/epjc/s10052-010-1339-x", eprint = "1004.3034", archivePrefix = "arXiv", primaryClass = "hep-ex", SLACcitation = "%%CITATION = ARXIV:1004.3034;%%"} 

 
@article{Aamodt:2010aa, author = "Aamodt, K and others", title = "{Alignment of the ALICE Inner Tracking System with cosmic-ray tracks}", collaboration = "ALICE", journal = "JINST", volume = "5", year = "2010", pages = "P03003", doi = "10.1088/1748-0221/5/03/P03003", eprint = "1001.0502", archivePrefix = "arXiv", primaryClass = "physics.ins-det", SLACcitation = "%%CITATION = ARXIV:1001.0502;%%"} 

 
@article{Aamodt:2009aa, author = "Aamodt, K and others", title = "{First proton-proton collisions at the LHC as observed with the ALICE detector: Measurement of the charged particle pseudorapidity density at s**(1/2) = 900-GeV}", collaboration = "ALICE", journal = "Eur. Phys. J.", volume = "C65", year = "2010", pages = "111-125", doi = "10.1140/epjc/s10052-009-1227-4", eprint = "0911.5430", archivePrefix = "arXiv", primaryClass = "hep-ex", SLACcitation = "%%CITATION = ARXIV:0911.5430;%%"} 


%%% CMS

 @article{Khachatryan:2015hha, author = "Khachatryan, Vardan and others", title = "{Study of W boson production in pPb collisions at $\sqrt{s_{\mathrm{NN}}}$ = 5.02 TeV}", collaboration = "CMS", year = "2015", eprint = "1503.05825", archivePrefix = "arXiv", primaryClass = "nucl-ex", reportNumber = "CMS-HIN-13-007, CERN-PH-EP-2015-054", SLACcitation = "%%CITATION = ARXIV:1503.05825;%%",}  
 @article{Khachatryan:2015oea, author = "Khachatryan, Vardan and others", title = "{Evidence for transverse momentum and pseudorapidity dependent event plane fluctuations in PbPb and pPb collisions}", collaboration = "CMS", year = "2015", eprint = "1503.01692", archivePrefix = "arXiv", primaryClass = "nucl-ex", reportNumber = "CMS-HIN-14-012, CERN-PH-EP-2015-039", SLACcitation = "%%CITATION = ARXIV:1503.01692;%%",}  
 @article{Khachatryan:2015waa, author = "Khachatryan, Vardan and others", title = "{Evidence for collective multi-particle correlations in pPb collisions}", collaboration = "CMS", year = "2015", eprint = "1502.05382", archivePrefix = "arXiv", primaryClass = "nucl-ex", reportNumber = "CMS-HIN-14-006, CERN-PH-EP-2015-011", SLACcitation = "%%CITATION = ARXIV:1502.05382;%%",}  
 @article{Khachatryan:2015xaa, author = "Khachatryan, Vardan and others", title = "{Nuclear effects on the transverse momentum spectra of charged particles in pPb collisions at $\sqrt{s_{\mathrm{NN}}}$ = 5.02 TeV}", collaboration = "CMS", year = "2015", eprint = "1502.05387", archivePrefix = "arXiv", primaryClass = "nucl-ex", reportNumber = "CMS-HIN-12-017, CERN-PH-EP-2014-282", SLACcitation = "%%CITATION = ARXIV:1502.05387;%%",}  
 @article{Khachatryan:2014bva, author = "Khachatryan, Vardan and others", title = "{Measurement of Prompt $\psi(2S) \to J/\psi$ Yield Ratios in Pb-Pb and $p-p$ Collisions at $\sqrt {s_{NN}}=$ 2.76 TeV}", collaboration = "CMS", journal = "Phys.Rev.Lett.", number = "26", volume = "113", pages = "262301", doi = "10.1103/PhysRevLett.113.262301", year = "2014", eprint = "1410.1804", archivePrefix = "arXiv", primaryClass = "nucl-ex", reportNumber = "CMS-HIN-12-007, CERN-PH-EP-2014-240", SLACcitation = "%%CITATION = ARXIV:1410.1804;%%",}  
 @article{Chatrchyan:2014csa, author = "Chatrchyan, Serguei and others", title = "{Study of Z production in PbPb and pp collisions at $ \sqrt{s_{\mathrm{NN}}}=2.76 $ TeV in the dimuon and dielectron decay channels}", collaboration = "CMS", journal = "JHEP", volume = "1503", pages = "022", doi = "10.1007/JHEP03(2015)022", year = "2015", eprint = "1410.4825", archivePrefix = "arXiv", primaryClass = "nucl-ex", reportNumber = "CMS-HIN-13-004, CERN-PH-EP-2014-235", SLACcitation = "%%CITATION = ARXIV:1410.4825;%%",}  
 @article{Chatrchyan:2013kba, author = "Chatrchyan, Serguei and others", title = "{Measurement of higher-order harmonic azimuthal anisotropy in PbPb collisions at $\sqrt{s_{NN}}$ = 2.76 TeV}", collaboration = "CMS", journal = "Phys.Rev.", number = "4", volume = "C89", pages = "044906", doi = "10.1103/PhysRevC.89.044906", year = "2014", eprint = "1310.8651", archivePrefix = "arXiv", primaryClass = "nucl-ex", reportNumber = "CMS-HIN-11-005, CERN-PH-EP-2013-196", SLACcitation = "%%CITATION = ARXIV:1310.8651;%%",}  
 @article{Chatrchyan:2013kwa, author = "Chatrchyan, Serguei and others", title = "{Modification of jet shapes in PbPb collisions at $\sqrt {s_{NN}} = 2.76$ TeV}", collaboration = "CMS", journal = "Phys.Lett.", volume = "B730", pages = "243-263", doi = "10.1016/j.physletb.2014.01.042", year = "2014", eprint = "1310.0878", archivePrefix = "arXiv", primaryClass = "nucl-ex", reportNumber = "CERN-PH-EP-2013-189, CMS-HIN-12-002", SLACcitation = "%%CITATION = ARXIV:1310.0878;%%",}  
 @article{Chatrchyan:2013eya, author = "Chatrchyan, Serguei and others", title = "{Study of the production of charged pions, kaons, and protons in pPb collisions at $\sqrt{s_{NN}} =\ $ 5.02 $\,\text {TeV}$}", collaboration = "CMS", journal = "Eur.Phys.J.", number = "6", volume = "C74", pages = "2847", doi = "10.1140/epjc/s10052-014-2847-x", year = "2014", eprint = "1307.3442", archivePrefix = "arXiv", primaryClass = "hep-ex", reportNumber = "CMS-HIN-12-016, CERN-PH-EP-2013-096", SLACcitation = "%%CITATION = ARXIV:1307.3442;%%",}  
 @article{Chatrchyan:2013nka, author = "Chatrchyan, Serguei and others", title = "{Multiplicity and transverse momentum dependence of two- and four-particle correlations in pPb and PbPb collisions}", collaboration = "CMS", journal = "Phys.Lett.", volume = "B724", pages = "213-240", doi = "10.1016/j.physletb.2013.06.028", year = "2013", eprint = "1305.0609", archivePrefix = "arXiv", primaryClass = "nucl-ex", reportNumber = "CMS-HIN-13-002, CERN-PH-EP-2013-077", SLACcitation = "%%CITATION = ARXIV:1305.0609;%%",}  
 @article{Chatrchyan:2012vqa, author = "Chatrchyan, Serguei and others", title = "{Measurement of the azimuthal anisotropy of neutral pions in PbPb collisions at $\sqrt{s_{NN}}=2.76$ TeV}", collaboration = "CMS", journal = "Phys.Rev.Lett.", number = "4", volume = "110", pages = "042301", doi = "10.1103/PhysRevLett.110.042301", year = "2013", eprint = "1208.2470", archivePrefix = "arXiv", primaryClass = "nucl-ex", reportNumber = "CMS-HIN-11-009, CERN-PH-EP-2012-231", SLACcitation = "%%CITATION = ARXIV:1208.2470;%%",}  
 @article{Chatrchyan:2012ta, author = "Chatrchyan, Serguei and others", title = "{Measurement of the elliptic anisotropy of charged particles produced in PbPb collisions at $\sqrt{s}_{NN}$=2.76 TeV}", collaboration = "CMS", journal = "Phys.Rev.", number = "1", volume = "C87", pages = "014902", doi = "10.1103/PhysRevC.87.014902", year = "2013", eprint = "1204.1409", archivePrefix = "arXiv", primaryClass = "nucl-ex", reportNumber = "CMS-HIN-10-002, CERN-PH-EP-2012-095", SLACcitation = "%%CITATION = ARXIV:1204.1409;%%",}  
 @article{CMS:2012qk, author = "Chatrchyan, Serguei and others", title = "{Observation of long-range near-side angular correlations in proton-lead collisions at the LHC}", collaboration = "CMS", journal = "Phys.Lett.", volume = "B718", pages = "795-814", doi = "10.1016/j.physletb.2012.11.025", year = "2013", eprint = "1210.5482", archivePrefix = "arXiv", primaryClass = "nucl-ex", reportNumber = "CMS-HIN-12-005, CERN-PH-EP-2012-320, CMS-HIN-12-015", SLACcitation = "%%CITATION = ARXIV:1210.5482;%%",}  
 @article{Chatrchyan:2012gt, author = "Chatrchyan, Serguei and others", title = "{Studies of jet quenching using isolated-photon+jet correlations in PbPb and $pp$ collisions at $\sqrt{s_{NN}}=2.76$ TeV}", collaboration = "CMS", journal = "Phys.Lett.", volume = "B718", pages = "773-794", doi = "10.1016/j.physletb.2012.11.003", year = "2013", eprint = "1205.0206", archivePrefix = "arXiv", primaryClass = "nucl-ex", reportNumber = "CMS-HIN-11-010, CERN-PH-EP-2012-089", SLACcitation = "%%CITATION = ARXIV:1205.0206;%%",}  
 @article{Chatrchyan:2012lxa, author = "Chatrchyan, Serguei and others", title = "{Observation of sequential Upsilon suppression in PbPb collisions}", collaboration = "CMS", journal = "Phys.Rev.Lett.", volume = "109", pages = "222301", doi = "10.1103/PhysRevLett.109.222301", year = "2012", eprint = "1208.2826", archivePrefix = "arXiv", primaryClass = "nucl-ex", reportNumber = "CMS-HIN-11-011, CERN-PH-EP-2012-228", SLACcitation = "%%CITATION = ARXIV:1208.2826;%%",}  
 @article{Chatrchyan:2012gw, author = "Chatrchyan, Serguei and others", title = "{Measurement of jet fragmentation into charged particles in $pp$ and PbPb collisions at $\sqrt{s_{NN}}=2.76$ TeV}", collaboration = "CMS", journal = "JHEP", volume = "1210", pages = "087", doi = "10.1007/JHEP10(2012)087", year = "2012", eprint = "1205.5872", archivePrefix = "arXiv", primaryClass = "nucl-ex", reportNumber = "CMS-HIN-11-004, CERN-PH-EP-2012-143", SLACcitation = "%%CITATION = ARXIV:1205.5872;%%",}  
 @article{Chatrchyan:2012mb, author = "Chatrchyan, Serguei and others", title = "{Measurement of the pseudorapidity and centrality dependence of the transverse energy density in PbPb collisions at $\sqrt{s_{NN}}=2.76$ TeV}", collaboration = "CMS", journal = "Phys.Rev.Lett.", volume = "109", pages = "152303", doi = "10.1103/PhysRevLett.109.152303", year = "2012", eprint = "1205.2488", archivePrefix = "arXiv", primaryClass = "nucl-ex", reportNumber = "CMS-HIN-11-003, CERN-PH-EP-2012-116", SLACcitation = "%%CITATION = ARXIV:1205.2488;%%",}  
 @article{Chatrchyan:2012nt, author = "Chatrchyan, Serguei and others", title = "{Study of $W$ boson production in PbPb and $pp$ collisions at $\sqrt{s_{NN}}=2.76$ TeV}", collaboration = "CMS", journal = "Phys.Lett.", volume = "B715", pages = "66-87", doi = "10.1016/j.physletb.2012.07.025", year = "2012", eprint = "1205.6334", archivePrefix = "arXiv", primaryClass = "nucl-ex", reportNumber = "CMS-HIN-11-008, CERN-PH-EP-2012-144", SLACcitation = "%%CITATION = ARXIV:1205.6334;%%",}  
 @article{Chatrchyan:2012xq, author = "Chatrchyan, Serguei and others", title = "{Azimuthal anisotropy of charged particles at high transverse momenta in PbPb collisions at $\sqrt{s_{NN}}=2.76$ TeV}", collaboration = "CMS", journal = "Phys.Rev.Lett.", volume = "109", pages = "022301", doi = "10.1103/PhysRevLett.109.022301", year = "2012", eprint = "1204.1850", archivePrefix = "arXiv", primaryClass = "nucl-ex", reportNumber = "CMS-HIN-11-012, CERN-PH-EP-2012-096", SLACcitation = "%%CITATION = ARXIV:1204.1850;%%",}  
 @article{Chatrchyan:2012nia, author = "Chatrchyan, Serguei and others", title = "{Jet momentum dependence of jet quenching in PbPb collisions at $\sqrt{s_{NN}}=2.76$ TeV}", collaboration = "CMS", journal = "Phys.Lett.", volume = "B712", pages = "176-197", doi = "10.1016/j.physletb.2012.04.058", year = "2012", eprint = "1202.5022", archivePrefix = "arXiv", primaryClass = "nucl-ex", reportNumber = "CMS-HIN-11-013, CERN-PH-EP-2012-042", SLACcitation = "%%CITATION = ARXIV:1202.5022;%%",}  
 @article{CMS:2012aa, author = "Chatrchyan, Serguei and others", title = "{Study of high-pT charged particle suppression in PbPb compared to $pp$ collisions at $\sqrt{s_{NN}}=2.76$ TeV}", collaboration = "CMS", journal = "Eur.Phys.J.", volume = "C72", pages = "1945", doi = "10.1140/epjc/s10052-012-1945-x", year = "2012", eprint = "1202.2554", archivePrefix = "arXiv", primaryClass = "nucl-ex", reportNumber = "CMS-HIN-10-005, CERN-PH-EP-2012-043", SLACcitation = "%%CITATION = ARXIV:1202.2554;%%",}  
 @article{Chatrchyan:2012np, author = "Chatrchyan, Serguei and others", title = "{Suppression of non-prompt $J/\psi$, prompt $J/\psi$, and Y(1S) in PbPb collisions at $\sqrt{s_{NN}}=2.76$ TeV}", collaboration = "CMS", journal = "JHEP", volume = "1205", pages = "063", doi = "10.1007/JHEP05(2012)063, 10.1007/JHEP05(2012)063", year = "2012", eprint = "1201.5069", archivePrefix = "arXiv", primaryClass = "nucl-ex", reportNumber = "CMS-HIN-10-006, CERN-PH-EP-2011-170", SLACcitation = "%%CITATION = ARXIV:1201.5069;%%",}  
 @article{Chatrchyan:2012vq, author = "Chatrchyan, Serguei and others", title = "{Measurement of isolated photon production in $pp$ and PbPb collisions at $\sqrt{s_{NN}}=2.76$ TeV}", collaboration = "CMS", journal = "Phys.Lett.", volume = "B710", pages = "256-277", doi = "10.1016/j.physletb.2012.02.077", year = "2012", eprint = "1201.3093", archivePrefix = "arXiv", primaryClass = "nucl-ex", reportNumber = "CMS-HIN-11-002, CERN-PH-EP-2011-221", SLACcitation = "%%CITATION = ARXIV:1201.3093;%%",}  
 @article{Chatrchyan:2012wg, author = "Chatrchyan, Serguei and others", title = "{Centrality dependence of dihadron correlations and azimuthal anisotropy harmonics in PbPb collisions at $\sqrt{s_{NN}}=2.76$ TeV}", collaboration = "CMS", journal = "Eur.Phys.J.", volume = "C72", pages = "2012", doi = "10.1140/epjc/s10052-012-2012-3", year = "2012", eprint = "1201.3158", archivePrefix = "arXiv", primaryClass = "nucl-ex", reportNumber = "CMS-HIN-11-006, CERN-PH-EP-2011-222", SLACcitation = "%%CITATION = ARXIV:1201.3158;%%",}  
 @article{Chatrchyan:2011pb, author = "Chatrchyan, Serguei and others", title = "{Dependence on pseudorapidity and centrality of charged hadron production in PbPb collisions at a nucleon-nucleon centre-of-mass energy of 2.76 TeV}", collaboration = "CMS", journal = "JHEP", volume = "1108", pages = "141", doi = "10.1007/JHEP08(2011)141", year = "2011", eprint = "1107.4800", archivePrefix = "arXiv", primaryClass = "nucl-ex", reportNumber = "CERN-PH-EP-2011-092, CMS-HIN-10-001", SLACcitation = "%%CITATION = ARXIV:1107.4800;%%",}  
 @article{Chatrchyan:2011pe, author = "Chatrchyan, Serguei and others", title = "{Indications of suppression of excited $\Upsilon$ states in PbPb collisions at $\sqrt{S_{NN}}$ = 2.76 TeV}", collaboration = "CMS", journal = "Phys.Rev.Lett.", volume = "107", pages = "052302", doi = "10.1103/PhysRevLett.107.052302", year = "2011", eprint = "1105.4894", archivePrefix = "arXiv", primaryClass = "nucl-ex", reportNumber = "CERN-PH-EP-2011-074, CMS-HIN-11-007", SLACcitation = "%%CITATION = ARXIV:1105.4894;%%",}  
 @article{Chatrchyan:2011eka, author = "Chatrchyan, Serguei and others", title = "{Long-range and short-range dihadron angular correlations in central PbPb collisions at a nucleon-nucleon center of mass energy of 2.76 TeV}", collaboration = "CMS", journal = "JHEP", volume = "1107", pages = "076", doi = "10.1007/JHEP07(2011)076", year = "2011", eprint = "1105.2438", archivePrefix = "arXiv", primaryClass = "nucl-ex", reportNumber = "CERN-PH-EP-2011-056, CMS-HIN-11-001", SLACcitation = "%%CITATION = ARXIV:1105.2438;%%",}  
 @article{Chatrchyan:2011ua, author = "Chatrchyan, Serguei and others", title = "{Study of Z boson production in PbPb collisions at $\sqrt{s_{NN}}$ = 2.76 TeV}", collaboration = "CMS", journal = "Phys.Rev.Lett.", volume = "106", pages = "212301", doi = "10.1103/PhysRevLett.106.212301", year = "2011", eprint = "1102.5435", archivePrefix = "arXiv", primaryClass = "nucl-ex", reportNumber = "CERN-PH-EP-2011-003, CMS-HIN-10-003", SLACcitation = "%%CITATION = ARXIV:1102.5435;%%",}  
 @article{Chatrchyan:2011sx, author = "Chatrchyan, Serguei and others", title = "{Observation and studies of jet quenching in PbPb collisions at nucleon-nucleon center-of-mass energy = 2.76 TeV}", collaboration = "CMS", journal = "Phys.Rev.", volume = "C84", pages = "024906", doi = "10.1103/PhysRevC.84.024906", year = "2011", eprint = "1102.1957", archivePrefix = "arXiv", primaryClass = "nucl-ex", reportNumber = "CERN-PH-EP-2011-001, CMS-HIN-10-004", SLACcitation = "%%CITATION = ARXIV:1102.1957;%%",}  

 @article{Chatrchyan:2012tt, author = "Chatrchyan, Serguei and others", title = "{Measurement of the underlying event activity in $pp$ collisions at $\sqrt{s} = 0.9$ and 7 TeV with the novel jet-area/median approach}", collaboration = "CMS", journal = "JHEP", volume = "1208", pages = "130", doi = "10.1007/JHEP08(2012)130", year = "2012", eprint = "1207.2392", archivePrefix = "arXiv", primaryClass = "hep-ex", reportNumber = "CMS-QCD-10-021, CERN-PH-EP-2012-152", SLACcitation = "%%CITATION = ARXIV:1207.2392;%%",}  
 @article{Khachatryan:2010gv, author = "Khachatryan, Vardan and others", title = "{Observation of Long-Range Near-Side Angular Correlations in Proton-Proton Collisions at the LHC}", collaboration = "CMS", journal = "JHEP", volume = "1009", pages = "091", doi = "10.1007/JHEP09(2010)091", year = "2010", eprint = "1009.4122", archivePrefix = "arXiv", primaryClass = "hep-ex", reportNumber = "CMS-QCD-10-002, CERN-PH-EP-2010-031", SLACcitation = "%%CITATION = ARXIV:1009.4122;%%",}  

%%% ATLAS
 @article{Aad:2015wga, author = "Aad, Georges and others", title = "{Measurement of charged-particle spectra in Pb+Pb collisions at $\sqrt{{s}_\mathsf{{NN}}} = 2.76$ TeV with the ATLAS detector at the LHC}", collaboration = "ATLAS", year = "2015", eprint = "1504.04337", archivePrefix = "arXiv", primaryClass = "hep-ex", reportNumber = "CERN-PH-EP-2015-032", SLACcitation = "%%CITATION = ARXIV:1504.04337;%%",}  
 @article{ATLAS:2014cpa, author = "Aad, Georges and others", title = "{Centrality and rapidity dependence of inclusive jet production in $\sqrt{s_\mathrm{NN}}$ = 5.02 TeV proton--lead collisions with the ATLAS detector}", collaboration = "ATLAS", year = "2014", eprint = "1412.4092", archivePrefix = "arXiv", primaryClass = "hep-ex", reportNumber = "CERN-PH-EP-2014-275", SLACcitation = "%%CITATION = ARXIV:1412.4092;%%",}  
 @article{Aad:2014bxa, author = "Aad, Georges and others", title = "{Measurements of the Nuclear Modification Factor for Jets in Pb+Pb Collisions at $\sqrt{s_{\mathrm{NN}}}=2.76$ TeV with the ATLAS Detector}", collaboration = "ATLAS", journal = "Phys.Rev.Lett.", number = "7", volume = "114", pages = "072302", doi = "10.1103/PhysRevLett.114.072302", year = "2015", eprint = "1411.2357", archivePrefix = "arXiv", primaryClass = "hep-ex", reportNumber = "CERN-PH-EP-2014-172", SLACcitation = "%%CITATION = ARXIV:1411.2357;%%",}  
 @article{Aad:2014lta, author = "Aad, Georges and others", title = "{Measurement of long-range pseudorapidity correlations and azimuthal harmonics in $\sqrt{s_{NN}}=5.02$ TeV proton-lead collisions with the ATLAS detector}", collaboration = "ATLAS", journal = "Phys.Rev.", number = "4", volume = "C90", pages = "044906", doi = "10.1103/PhysRevC.90.044906", year = "2014", eprint = "1409.1792", archivePrefix = "arXiv", primaryClass = "hep-ex", reportNumber = "CERN-PH-EP-2014-201", SLACcitation = "%%CITATION = ARXIV:1409.1792;%%",}  
 @article{Aad:2014bha, author = "Aad, Georges and others", title = "{Measurement of the production and lepton charge asymmetry of $W$ bosons in Pb+Pb collisions at $\mathbf {\sqrt{\mathbf {s}_{\mathrm {\mathbf {NN}}}}=2.76\;TeV}$ with the ATLAS detector}", collaboration = "ATLAS", journal = "Eur.Phys.J.", number = "1", volume = "C75", pages = "23", doi = "10.1140/epjc/s10052-014-3231-6", year = "2015", eprint = "1408.4674", archivePrefix = "arXiv", primaryClass = "hep-ex", reportNumber = "CERN-PH-EP-2014-156", SLACcitation = "%%CITATION = ARXIV:1408.4674;%%",}  
 @article{Aad:2014vba, author = "Aad, Georges and others", title = "{Measurement of flow harmonics with multi-particle cumulants in Pb+Pb collisions at $\sqrt{s_{\mathrm{NN}}}=2.76$ TeV with the ATLAS detector}", collaboration = "ATLAS", journal = "Eur.Phys.J.", number = "11", volume = "C74", pages = "3157", doi = "10.1140/epjc/s10052-014-3157-z", year = "2014", eprint = "1408.4342", archivePrefix = "arXiv", primaryClass = "hep-ex", reportNumber = "CERN-PH-EP-2014-171", SLACcitation = "%%CITATION = ARXIV:1408.4342;%%",}  
 @article{Aad:2014wha, author = "Aad, Georges and others", title = "{Measurement of inclusive jet charged-particle fragmentation functions in Pb+Pb collisions at $\sqrt{s_{NN}} = 2.76$ TeV with the ATLAS detector}", collaboration = "ATLAS", journal = "Phys.Lett.", volume = "B739", pages = "320-342", doi = "10.1016/j.physletb.2014.10.065", year = "2014", eprint = "1406.2979", archivePrefix = "arXiv", primaryClass = "hep-ex", reportNumber = "CERN-PH-EP-2014-101", SLACcitation = "%%CITATION = ARXIV:1406.2979;%%",}  
 @article{Aad:2014eoa, author = "Aad, Georges and others", title = "{Measurement of the centrality and pseudorapidity dependence of the integrated elliptic flow in lead-lead collisions at $\sqrt{s_{\mathrm {NN}}}=2.76$ TeV with the ATLAS detector}", collaboration = "ATLAS", journal = "Eur.Phys.J.", number = "8", volume = "C74", pages = "2982", doi = "10.1140/epjc/s10052-014-2982-4", year = "2014", eprint = "1405.3936", archivePrefix = "arXiv", primaryClass = "hep-ex", reportNumber = "CERN-PH-EP-2014-065", SLACcitation = "%%CITATION = ARXIV:1405.3936;%%",}  
 @article{Aad:2014fla, author = "Aad, Georges and others", title = "{Measurement of event-plane correlations in $\sqrt{s_{NN}}=2.76$ TeV lead-lead collisions with the ATLAS detector}", collaboration = "ATLAS", journal = "Phys.Rev.", number = "2", volume = "C90", pages = "024905", doi = "10.1103/PhysRevC.90.024905", year = "2014", eprint = "1403.0489", archivePrefix = "arXiv", primaryClass = "hep-ex", reportNumber = "CERN-PH-EP-2014-021", SLACcitation = "%%CITATION = ARXIV:1403.0489;%%",}  
 @article{Aad:2013sla, author = "Aad, Georges and others", title = "{Measurement of the Azimuthal Angle Dependence of Inclusive Jet Yields in Pb+Pb Collisions at $\sqrt{s_{NN}}=$ 2.76 TeV with the ATLAS detector}", collaboration = "ATLAS", journal = "Phys.Rev.Lett.", number = "15", volume = "111", pages = "152301", doi = "10.1103/PhysRevLett.111.152301", year = "2013", eprint = "1306.6469", archivePrefix = "arXiv", primaryClass = "hep-ex", reportNumber = "CERN-PH-EP-2013-081", SLACcitation = "%%CITATION = ARXIV:1306.6469;%%",}  
 @article{Aad:2013xma, author = "Aad, Georges and others", title = "{Measurement of the distributions of event-by-event flow harmonics in lead-lead collisions at = 2.76 TeV with the ATLAS detector at the LHC}", collaboration = "ATLAS", journal = "JHEP", volume = "1311", pages = "183", doi = "10.1007/JHEP11(2013)183", year = "2013", eprint = "1305.2942", archivePrefix = "arXiv", primaryClass = "hep-ex", reportNumber = "CERN-PH-EP-2013-04", SLACcitation = "%%CITATION = ARXIV:1305.2942;%%",}  
 @article{Aad:2013fja, author = "Aad, Georges and others", title = "{Measurement with the ATLAS detector of multi-particle azimuthal correlations in p+Pb collisions at $sqrt(s_{NN})$=5.02 TeV}", collaboration = "ATLAS", journal = "Phys.Lett.", volume = "B725", pages = "60-78", doi = "10.1016/j.physletb.2013.06.057", year = "2013", eprint = "1303.2084", archivePrefix = "arXiv", primaryClass = "hep-ex", reportNumber = "CERN-PH-EP-2013-029", SLACcitation = "%%CITATION = ARXIV:1303.2084;%%",}  
 @article{Aad:2012gla, author = "Aad, Georges and others", title = "{Observation of Associated Near-Side and Away-Side Long-Range Correlations in $\sqrt{s_{NN}}$=5.02 TeV Proton-Lead Collisions with the ATLAS Detector}", collaboration = "ATLAS", journal = "Phys.Rev.Lett.", number = "18", volume = "110", pages = "182302", doi = "10.1103/PhysRevLett.110.182302", year = "2013", eprint = "1212.5198", archivePrefix = "arXiv", primaryClass = "hep-ex", reportNumber = "CERN-PH-EP-2012-366", SLACcitation = "%%CITATION = ARXIV:1212.5198;%%",}  
 @article{Aad:2012ew, author = "Aad, Georges and others", title = "{Measurement of $Z$ boson Production in Pb+Pb Collisions at $\sqrt{s_{NN}}=2.76$ TeV with the ATLAS Detector}", collaboration = "ATLAS", journal = "Phys.Rev.Lett.", number = "2", volume = "110", pages = "022301", doi = "10.1103/PhysRevLett.110.022301", year = "2013", eprint = "1210.6486", archivePrefix = "arXiv", primaryClass = "hep-ex", reportNumber = "CERN-PH-EP-2012-223", SLACcitation = "%%CITATION = ARXIV:1210.6486;%%",}  
 @article{Aad:2012vca, author = "Aad, Georges and others", title = "{Measurement of the jet radius and transverse momentum dependence of inclusive jet suppression in lead-lead collisions at $\sqrt{s_{NN}}$= 2.76 TeV with the ATLAS detector}", collaboration = "ATLAS", journal = "Phys.Lett.", volume = "B719", pages = "220-241", doi = "10.1016/j.physletb.2013.01.024", year = "2013", eprint = "1208.1967", archivePrefix = "arXiv", primaryClass = "hep-ex", reportNumber = "CERN-PH-EP-2012-134", SLACcitation = "%%CITATION = ARXIV:1208.1967;%%",}  
 @article{ATLAS:2012at, author = "Aad, Georges and others", title = "{Measurement of the azimuthal anisotropy for charged particle production in $\sqrt{s_{NN}}=2.76$ TeV lead-lead collisions with the ATLAS detector}", collaboration = "ATLAS", journal = "Phys.Rev.", volume = "C86", pages = "014907", doi = "10.1103/PhysRevC.86.014907", year = "2012", eprint = "1203.3087", archivePrefix = "arXiv", primaryClass = "hep-ex", reportNumber = "CERN-PH-EP-2012-035", SLACcitation = "%%CITATION = ARXIV:1203.3087;%%",}  
 @article{ATLAS:2011ag, author = "Aad, Georges and others", title = "{Measurement of the centrality dependence of the charged particle pseudorapidity distribution in lead-lead collisions at $\sqrt{s_{NN}}=2.76$ TeV with the ATLAS detector}", collaboration = "ATLAS", journal = "Phys.Lett.", volume = "B710", pages = "363-382", doi = "10.1016/j.physletb.2012.02.045", year = "2012", eprint = "1108.6027", archivePrefix = "arXiv", primaryClass = "hep-ex", reportNumber = "CERN-PH-EP-2011-118", SLACcitation = "%%CITATION = ARXIV:1108.6027;%%",}  
 @article{ATLAS:2011ah, author = "Aad, Georges and others", title = "{Measurement of the pseudorapidity and transverse momentum dependence of the elliptic flow of charged particles in lead-lead collisions at $\sqrt{s_{NN}}=2.76$ TeV with the ATLAS detector}", collaboration = "ATLAS", journal = "Phys.Lett.", volume = "B707", pages = "330-348", doi = "10.1016/j.physletb.2011.12.056", year = "2012", eprint = "1108.6018", archivePrefix = "arXiv", primaryClass = "hep-ex", reportNumber = "CERN-PH-EP-2011-124", SLACcitation = "%%CITATION = ARXIV:1108.6018;%%",}  
 @article{Aad:2010aa, author = "Aad, G. and others", title = "{Measurement of the centrality dependence of J/{\psi} yields and observation of Z production in lead-lead collisions with the ATLAS detector at the LHC}", collaboration = "ATLAS", journal = "Phys.Lett.", volume = "B697", pages = "294-312", doi = "10.1016/j.physletb.2011.02.006", year = "2011", eprint = "1012.5419", archivePrefix = "arXiv", primaryClass = "hep-ex", reportNumber = "CERN-PH-EP-2010-090", SLACcitation = "%%CITATION = ARXIV:1012.5419;%%",}  
 @article{Aad:2010bu, author = "Aad, Georges and others", title = "{Observation of a Centrality-Dependent Dijet Asymmetry in Lead-Lead Collisions at $\sqrt{s_{NN}}=2.77$ TeV with the ATLAS Detector at the LHC}", collaboration = "ATLAS", journal = "Phys.Rev.Lett.", volume = "105", pages = "252303", doi = "10.1103/PhysRevLett.105.252303", year = "2010", eprint = "1011.6182", archivePrefix = "arXiv", primaryClass = "hep-ex", SLACcitation = "%%CITATION = ARXIV:1011.6182;%%",}  

%% FASTJET
 @article{Cacciari:2011ma, author = "Cacciari, Matteo and Salam, Gavin P. and Soyez, Gregory", title = "{FastJet User Manual}", journal = "Eur.Phys.J.", volume = "C72", pages = "1896", doi = "10.1140/epjc/s10052-012-1896-2", year = "2012", eprint = "1111.6097", archivePrefix = "arXiv", primaryClass = "hep-ph", reportNumber = "CERN-PH-TH-2011-297", SLACcitation = "%%CITATION = ARXIV:1111.6097;%%",}  
 @article{Cacciari:2005hq, author = "Cacciari, Matteo and Salam, Gavin P.", title = "{Dispelling the $N^{3}$ myth for the $k_t$ jet-finder}", journal = "Phys.Lett.", volume = "B641", pages = "57-61", doi = "10.1016/j.physletb.2006.08.037", year = "2006", eprint = "hep-ph/0512210", archivePrefix = "arXiv", primaryClass = "hep-ph", reportNumber = "LPTHE-05-32", SLACcitation = "%%CITATION = HEP-PH/0512210;%%",}  
 @article{Cacciari:2008gp, author = "Cacciari, Matteo and Salam, Gavin P. and Soyez, Gregory", title = "{The Anti-k(t) jet clustering algorithm}", journal = "JHEP", volume = "0804", pages = "063", doi = "10.1088/1126-6708/2008/04/063", year = "2008", eprint = "0802.1189", archivePrefix = "arXiv", primaryClass = "hep-ph", reportNumber = "LPTHE-07-03", SLACcitation = "%%CITATION = ARXIV:0802.1189;%%",}  
 @article{Cacciari:2008gn, author = "Cacciari, Matteo and Salam, Gavin P. and Soyez, Gregory", title = "{The Catchment Area of Jets}", journal = "JHEP", volume = "0804", pages = "005", doi = "10.1088/1126-6708/2008/04/005", year = "2008", eprint = "0802.1188", archivePrefix = "arXiv", primaryClass = "hep-ph", reportNumber = "LPTHE-07-02", SLACcitation = "%%CITATION = ARXIV:0802.1188;%%",}  

\end{thebibliography}
