%% This BibTeX bibliography file was created using BibDesk.
%% http://bibdesk.sourceforge.net/


%% Created for Xiaoming Cheung at 2014-05-01 19:37:47 +0200 


%% Saved with string encoding Unicode (UTF-8) 



@misc{Ali2013:ana921,
	Author = {Zhang, X. M. and Bastid, N. and Crocht, P.},
	Date-Added = {2014-05-01 17:33:19 +0000},
	Date-Modified = {2014-05-01 17:35:18 +0000},
	Howpublished = {ALICE-ANA-2013-921},
	Month = {July},
	Title = {{Measurement of the elliptic flow of muons from heavy-flavour decays at forward rapidity in Pb--Pb collisions at $\sqrt {s_{\rm NN}}=2.76$~TeV}},
	Year = {2013}}

@misc{Ali2012:ana067,
	Author = {Busch, O.},
	Date-Added = {2014-05-01 15:47:57 +0000},
	Date-Modified = {2014-05-01 15:48:50 +0000},
	Howpublished = {ALICE-ANA-2012-067},
	Month = {Apr.},
	Title = {{Charged Particle Momentum Distribution in Jets}},
	Year = {2014}}

@misc{zhang:AliPWGJE20130920,
	Author = {Zhang, X. M.},
	Date-Added = {2014-05-01 15:39:10 +0000},
	Date-Modified = {2014-05-01 15:42:56 +0000},
	Howpublished = {https://indico.cern.ch/event/272865/session/1/contribution/45/material/slides/0.pdf},
	Title = {{${\rm K}_{\rm S}^{0}$ and $\Lambda$ ($\overline{\Lambda}$) productions in charged jets~~~~~~~~~~~~~~~~~~~~~~~~~~~~}}}

@misc{Ali2012:ana58,
	Author = {Verweij, M. and van Leeuwen, M. and Klein-B\"osing, C. and Zimmermann, M.},
	Date-Added = {2014-05-01 15:12:44 +0000},
	Date-Modified = {2014-05-01 15:25:19 +0000},
	Howpublished = {ALICE-ANA-2012-058},
	Month = {September},
	Title = {{Measurement of jet spectra with charged particles in Pb--Pb collisions at $\sqrt{s_{\rm NN}}=2.76$~TeV with the ALICE detector at the LHC}},
	Year = {2013}}

@misc{Zimmermann:AliPWGJE20140411,
	Author = {Zimmermann, A. and Ku\v{c}era, V.},
	Date-Added = {2014-04-30 03:33:17 +0000},
	Date-Modified = {2014-04-30 03:41:47 +0000},
	Howpublished = {https://indico.cern.ch/event/311402/session/11/contribution/68/material/slides/0.pdf},
	Month = {Apr.},
	Title = {{Production of ${\rm K}_{\rm S}^{0}$, $\Lambda$ and $\overline{\Lambda}$ in charged jets in Pb--Pb collisions at $\sqrt{s_{\rm NN}}=2.76$~TeV~~~~~~~~~~~~~~~~~~~~~~~~~~~~~~~~~~~~~~~~~~~~~~}},
	Year = {2014}}

@misc{Kucera:AliPWGJE20140328,
	Author = {Ku\v{c}era, V.},
	Date-Added = {2014-04-06 00:52:48 +0000},
	Date-Modified = {2014-04-06 01:01:09 +0000},
	Howpublished = {https://indico.cern.ch/event/310177/contribution/3/material/slides/2.pdf},
	Month = {March},
	Title = {{Update on ${\rm V}^{0}{\rm s}$ in charged Pb--Pb jets~~~~~~~~~~~~~~~~~~~~~~~~~~~~~~~~~~~~~~~~~~~}},
	Year = {2014}}

@misc{Zimmermann:AliPWGJE20140401,
	Author = {Zimmermann, A.},
	Date-Added = {2014-04-06 00:29:30 +0000},
	Date-Modified = {2014-05-01 17:37:37 +0000},
	Howpublished = {https://indico.cern.ch/event/310700/contribution/2/material/slides/0.pdf},
	Month = {Apr.},
	Title = {{Estimation of ${\rm K}_{\rm S}^{0}$ reconstruction efficiency in jets -- two possible definitions}},
	Year = {2014}}

@article{Abelev:2012ej,
	Archiveprefix = {arXiv},
	Author = {Abelev, Betty and others},
	Collaboration = {ALICE Collaboration},
	Date-Added = {2014-04-05 17:37:26 +0000},
	Date-Modified = {2014-04-05 17:38:13 +0000},
	Doi = {10.1007/JHEP03(2012)053},
	Eprint = {1201.2423},
	Journal = {JHEP},
	Pages = {053},
	Primaryclass = {hep-ex},
	Slaccitation = {%%CITATION = ARXIV:1201.2423;%%},
	Title = {{Measurement of Event Background Fluctuations for Charged Particle Jet Reconstruction in Pb--Pb collisions at $\sqrt{s_{\rm NN}}=2.76$~TeV}},
	Volume = {1203},
	Year = {2012},
	Bdsk-Url-1 = {http://dx.doi.org/10.1007/JHEP03(2012)053}}

@article{Chatrchyan:2012tt,
	Archiveprefix = {arXiv},
	Author = {Chatrchyan, Serguei and others},
	Collaboration = {CMS Collaboration},
	Date-Added = {2014-04-05 15:51:26 +0000},
	Date-Modified = {2014-04-05 15:52:04 +0000},
	Doi = {10.1007/JHEP08(2012)130},
	Eprint = {1207.2392},
	Journal = {JHEP},
	Pages = {130},
	Primaryclass = {hep-ex},
	Reportnumber = {CMS-QCD-10-021, CERN-PH-EP-2012-152},
	Slaccitation = {%%CITATION = ARXIV:1207.2392;%%},
	Title = {{Measurement of the underlying event activity in pp collisions at $\sqrt{s}=0.9$ and $7$~TeV with the novel jet-area/median approach}},
	Volume = {1208},
	Year = {2012},
	Bdsk-Url-1 = {http://dx.doi.org/10.1007/JHEP08(2012)130}}

@article{Cacciari:2008gn,
	Archiveprefix = {arXiv},
	Author = {Cacciari, Matteo and Salam, Gavin P. and Soyez, Gregory},
	Date-Added = {2014-04-05 15:47:17 +0000},
	Date-Modified = {2014-04-05 15:47:17 +0000},
	Doi = {10.1088/1126-6708/2008/04/005},
	Eprint = {0802.1188},
	Journal = {JHEP},
	Pages = {005},
	Primaryclass = {hep-ph},
	Reportnumber = {LPTHE-07-02},
	Slaccitation = {%%CITATION = ARXIV:0802.1188;%%},
	Title = {{The Catchment Area of Jets}},
	Volume = {0804},
	Year = {2008},
	Bdsk-Url-1 = {http://dx.doi.org/10.1088/1126-6708/2008/04/005}}

@article{Cacciari:2007fd,
	Archiveprefix = {arXiv},
	Author = {Cacciari, Matteo and Salam, Gavin P.},
	Date-Added = {2014-04-05 15:46:05 +0000},
	Date-Modified = {2014-04-05 15:46:31 +0000},
	Doi = {10.1016/j.physletb.2007.09.077},
	Eprint = {0707.1378},
	Journal = {Phys.~Lett.},
	Pages = {119-126},
	Primaryclass = {hep-ph},
	Reportnumber = {LPTHE-07-01},
	Slaccitation = {%%CITATION = ARXIV:0707.1378;%%},
	Title = {{Pileup subtraction using jet areas}},
	Volume = {B659},
	Year = {2008},
	Bdsk-Url-1 = {http://dx.doi.org/10.1016/j.physletb.2007.09.077}}

@misc{Ali2013:ana933,
	Author = {Haake, R.},
	Date-Added = {2014-04-05 15:22:10 +0000},
	Date-Modified = {2014-04-06 00:58:46 +0000},
	Howpublished = {ALICE-ANA-2014-933},
	Month = {March},
	Title = {{Minimum Bias Charged Jets in p--Pb Collisions at $\sqrt{s_{\rm NN}}=5.023$~TeV}},
	Year = {2014}}

@article{Abelev:2013haa,
	Archiveprefix = {arXiv},
	Author = {Abelev, Betty Bezverkhny and others},
	Collaboration = {ALICE Collaboration},
	Date-Added = {2014-04-03 11:02:32 +0000},
	Date-Modified = {2014-04-03 11:03:23 +0000},
	Doi = {10.1016/j.physletb.2013.11.020},
	Eprint = {1307.6796},
	Journal = {Phys.~Lett.},
	Pages = {25-38},
	Primaryclass = {nucl-ex},
	Reportnumber = {CERN-PH-EP-2013-135},
	Slaccitation = {%%CITATION = ARXIV:1307.6796;%%},
	Title = {{Multiplicity Dependence of Pion, Kaon, Proton and Lambda Production in p-Pb Collisions at $\sqrt{s_{\rm NN}}=5.02$ TeV}},
	Volume = {B728},
	Year = {2014},
	Bdsk-Url-1 = {http://dx.doi.org/10.1016/j.physletb.2013.11.020}}

@misc{Ali2012:ana501,
	Author = {Chinellato, D. D.},
	Date-Added = {2013-11-01 13:11:56 +0000},
	Date-Modified = {2013-11-01 13:26:27 +0000},
	Howpublished = {ALICE-ANA-2012-051},
	Month = {Oct.},
	Title = {{${\rm K}_{S}^{0}$, $\Lambda$ and $\overline{\Lambda}$ Spectra in pp collisions at $\sqrt{s}=7$~TeV}},
	Year = {2012}}

@misc{Ali2013:ana702,
	Author = {Anielski, J. and Chinellato, D. D. and Floris, M. and Kalweit, A. and Preghenella, R.},
	Date-Added = {2013-11-01 13:02:50 +0000},
	Date-Modified = {2014-04-02 23:12:38 +0000},
	Howpublished = {ALICE-ANA-2013-702},
	Month = {Jun.},
	Title = {{Analysis of $\pi^{\pm}$, ${\rm K}^{\pm}$, ${\rm K}_{S}^{0}$ and $\Lambda$ ($\overline{\Lambda}$) in p--Pb collisiosn at $\sqrt{s_{\rm NN}}=5.02$~TeV}},
	Year = {2013}}
