%% This BibTeX bibliography file was created using BibDesk.
%% http://bibdesk.sourceforge.net/

%% Created for Xiaoming Cheung at 2018-12-08 22:52:00 +0800 


%% Saved with string encoding Unicode (UTF-8) 



@article{Adam:2016jfp,
	Archiveprefix = {arXiv},
	Author = {Adam, Jaroslav and others},
	Collaboration = {ALICE},
	Date-Added = {2018-12-08 22:50:29 +0800},
	Date-Modified = {2018-12-08 22:51:56 +0800},
	Doi = {10.1140/epjc/s10052-016-4107-8},
	Eprint = {1603.03402},
	Journal = {Eur.~Phys.~J.},
	Number = {5},
	Pages = {271},
	Primaryclass = {nucl-ex},
	Reportnumber = {CERN-EP-2016-052, ALICE-PUBLIC-2016-001},
	Slaccitation = {%%CITATION = ARXIV:1603.03402;%%},
	Title = {{Centrality dependence of charged jet production in p--Pb collisions at $\sqrt{s_{mathrm{NN}}}=5.02$~TeV}},
	Volume = {C76},
	Year = {2016},
	Bdsk-Url-1 = {https://doi.org/10.1140/epjc/s10052-016-4107-8}}

@article{Adam:2016ssk,
	Archiveprefix = {arXiv},
	Author = {Adam, Jaroslav and others},
	Collaboration = {ALICE},
	Eprint = {1606.00321},
	Primaryclass = {nucl-ex},
	Reportnumber = {CERN-EP-2016-136},
	Slaccitation = {%%CITATION = ARXIV:1606.00321;%%},
	Title = {{Elliptic flow of electrons from heavy-flavour hadron decays at mid-rapidity in Pb-Pb collisions at $\mathbf{\sqrt{s_\mathrm{NN}}}$ = 2.76 TeV}},
	Year = {2016}}

@article{Adam:2016ich,
	Archiveprefix = {arXiv},
	Author = {Adam, Jaroslav and others},
	Collaboration = {ALICE},
	Eprint = {1605.07569},
	Primaryclass = {nucl-ex},
	Reportnumber = {CERN-EP-2016-127},
	Slaccitation = {%%CITATION = ARXIV:1605.07569;%%},
	Title = {{D-meson production in p-Pb collisions at $\sqrt{s_{\rm NN}}=5.02$ TeV and in pp collisions at $\sqrt{s}=7$ TeV}},
	Year = {2016}}

@article{ALICE:2016clc,
	Archiveprefix = {arXiv},
	Author = {Adam, Jaroslav and others},
	Collaboration = {ALICE},
	Eprint = {1605.06963},
	Primaryclass = {nucl-ex},
	Reportnumber = {CERN-EP-2016-129},
	Slaccitation = {%%CITATION = ARXIV:1605.06963;%%},
	Title = {{Measurement of azimuthal correlations of D mesons and charged particles in pp collisions at $\sqrt{s}=7$ TeV and p-Pb collisions at $\sqrt{s_{\rm NN}}=5.02$ TeV}},
	Year = {2016}}

@article{Adam:2016ows,
	Archiveprefix = {arXiv},
	Author = {Adam, Jaroslav and others},
	Collaboration = {ALICE},
	Eprint = {1605.02035},
	Primaryclass = {nucl-ex},
	Reportnumber = {CERN-EP-2016-115},
	Slaccitation = {%%CITATION = ARXIV:1605.02035;%%},
	Title = {{Pseudorapidity dependence of the anisotropic flow of charged particles in Pb-Pb collisions at $\sqrt{s_{\rm NN}}=2.76$ TeV}},
	Year = {2016}}

@article{ALICE:2016kpq,
	Archiveprefix = {arXiv},
	Author = {Adam, Jaroslav and others},
	Collaboration = {ALICE},
	Eprint = {1604.07663},
	Primaryclass = {nucl-ex},
	Reportnumber = {CERN-EP-2016-102},
	Slaccitation = {%%CITATION = ARXIV:1604.07663;%%},
	Title = {{Correlated event-by-event fluctuations of flow harmonics in Pb-Pb collisions at $\sqrt{s_{_{\rm NN}}}=2.76$ TeV}},
	Year = {2016}}

@article{Adam:2016thv,
	Archiveprefix = {arXiv},
	Author = {Adam, Jaroslav and others},
	Collaboration = {ALICE},
	Eprint = {1603.04775},
	Primaryclass = {nucl-ex},
	Reportnumber = {CERN-EP-2016-071},
	Slaccitation = {%%CITATION = ARXIV:1603.04775;%%},
	Title = {{Measurement of transverse energy at midrapidity in Pb-Pb collisions at $\sqrt{s_{\rm NN}} = 2.76$ TeV}},
	Year = {2016}}

@article{Adam:2016ohd,
	Archiveprefix = {arXiv},
	Author = {Adam, Jaroslav and others},
	Collaboration = {ALICE},
	Doi = {10.1007/JHEP06(2016)050},
	Eprint = {1603.02816},
	Journal = {JHEP},
	Pages = {050},
	Primaryclass = {nucl-ex},
	Reportnumber = {CERN-PH-EP-2016-046, CERN-EP-2016-046},
	Slaccitation = {%%CITATION = ARXIV:1603.02816;%%},
	Title = {{Centrality dependence of $\mathbf{\psi}$(2S) suppression in p-Pb collisions at $\mathbf{\sqrt{{\textit s}_{\rm NN}}}$ = 5.02 TeV}},
	Volume = {06},
	Year = {2016},
	Bdsk-Url-1 = {https://doi.org/10.1007/JHEP06(2016)050}}

@article{Adam:2016mkz,
	Archiveprefix = {arXiv},
	Author = {Adam, Jaroslav and others},
	Collaboration = {ALICE},
	Eprint = {1602.07240},
	Primaryclass = {nucl-ex},
	Reportnumber = {CERN-PH-EP-2016-034, CERN-EP-2016-034},
	Slaccitation = {%%CITATION = ARXIV:1602.07240;%%},
	Title = {{Measurement of D-meson production versus multiplicity in p-Pb collisions at $\sqrt{s_{\rm NN}}=5.02$ TeV}},
	Year = {2016}}

@article{Adam:2016acv,
	Archiveprefix = {arXiv},
	Author = {Adam, Jaroslav and others},
	Collaboration = {ALICE},
	Doi = {10.1140/epjp/i2016-16168-5},
	Eprint = {1602.01392},
	Journal = {Eur. Phys. J. Plus},
	Number = {5},
	Pages = {168},
	Primaryclass = {physics.data-an},
	Reportnumber = {CERN-EP-2016-023},
	Slaccitation = {%%CITATION = ARXIV:1602.01392;%%},
	Title = {{Particle identification in ALICE: a Bayesian approach}},
	Volume = {131},
	Year = {2016},
	Bdsk-Url-1 = {https://doi.org/10.1140/epjp/i2016-16168-5}}

@article{Adam:2016izf,
	Archiveprefix = {arXiv},
	Author = {Adam, Jaroslav and others},
	Collaboration = {ALICE},
	Doi = {10.1103/PhysRevLett.116.132302},
	Eprint = {1602.01119},
	Journal = {Phys. Rev. Lett.},
	Number = {13},
	Pages = {132302},
	Primaryclass = {nucl-ex},
	Reportnumber = {CERN-EP-2016-018},
	Slaccitation = {%%CITATION = ARXIV:1602.01119;%%},
	Title = {{Anisotropic flow of charged particles in Pb-Pb collisions at $\sqrt{s_{\rm NN}}=5.02$ TeV}},
	Volume = {116},
	Year = {2016},
	Bdsk-Url-1 = {https://doi.org/10.1103/PhysRevLett.116.132302}}

@article{Adam:2016bpr,
	Archiveprefix = {arXiv},
	Author = {Adam, Jaroslav and others},
	Collaboration = {ALICE},
	Doi = {10.1140/epjc/s10052-016-4088-7},
	Eprint = {1601.07868},
	Journal = {Eur. Phys. J.},
	Number = {5},
	Pages = {245},
	Primaryclass = {nucl-ex},
	Reportnumber = {CERN-PH-EP-2015-326},
	Slaccitation = {%%CITATION = ARXIV:1601.07868;%%},
	Title = {{Production of K$^{*}$ (892)$^{0}$ and $\phi $ (1020) in p-Pb collisions at $\sqrt{s_{{\mathrm{NN}}}}$ = 5.02 TeV}},
	Volume = {C76},
	Year = {2016},
	Bdsk-Url-1 = {https://doi.org/10.1140/epjc/s10052-016-4088-7}}

@article{Adam:2016dau,
	Archiveprefix = {arXiv},
	Author = {Adam, Jaroslav and others},
	Collaboration = {ALICE},
	Eprint = {1601.03658},
	Primaryclass = {nucl-ex},
	Reportnumber = {CERN-PH-EP-2016-003, CERN-EP-2016-003},
	Slaccitation = {%%CITATION = ARXIV:1601.03658;%%},
	Title = {{Multiplicity dependence of charged pion, kaon, and (anti)proton production at large transverse momentum in p-Pb collisions at $\mathbf{\sqrt{{\textit s}_{\rm NN}}}$ = 5.02 TeV}},
	Year = {2016}}

@article{Adam:2015pbc,
	Archiveprefix = {arXiv},
	Author = {Adam, Jaroslav and others},
	Collaboration = {ALICE},
	Doi = {10.1103/PhysRevC.93.054908},
	Eprint = {1512.08902},
	Journal = {Phys. Rev.},
	Number = {5},
	Pages = {054908},
	Primaryclass = {nucl-ex},
	Reportnumber = {CERN-PH-EP-2015-330, ALICE-PUBLIC-2015-009},
	Slaccitation = {%%CITATION = ARXIV:1512.08902;%%},
	Title = {{Multipion Bose-Einstein correlations in pp,p -Pb, and Pb-Pb collisions at energies available at the CERN Large Hadron Collider}},
	Volume = {C93},
	Year = {2016},
	Bdsk-Url-1 = {https://doi.org/10.1103/PhysRevC.93.054908}}

@article{Adam:2015vsf,
	Archiveprefix = {arXiv},
	Author = {Adam, Jaroslav and others},
	Collaboration = {ALICE},
	Doi = {10.1016/j.physletb.2016.05.027},
	Eprint = {1512.07227},
	Journal = {Phys. Lett.},
	Pages = {389-401},
	Primaryclass = {nucl-ex},
	Reportnumber = {CERN-PH-EP-2015-327},
	Slaccitation = {%%CITATION = ARXIV:1512.07227;%%},
	Title = {{Multi-strange baryon production in p-Pb collisions at $\sqrt{s_\mathbf{NN}}=5.02$ TeV}},
	Volume = {B758},
	Year = {2016},
	Bdsk-Url-1 = {https://doi.org/10.1016/j.physletb.2016.05.027}}

@article{Adam:2015ptt,
	Archiveprefix = {arXiv},
	Author = {Adam, Jaroslav and others},
	Collaboration = {ALICE},
	Doi = {10.1103/PhysRevLett.116.222302},
	Eprint = {1512.06104},
	Journal = {Phys. Rev. Lett.},
	Number = {22},
	Pages = {222302},
	Primaryclass = {nucl-ex},
	Reportnumber = {CERN-PH-EP-2015-324, ALICE-PUBLIC-2015-008},
	Slaccitation = {%%CITATION = ARXIV:1512.06104;%%},
	Title = {{Centrality dependence of the charged-particle multiplicity density at midrapidity in Pb-Pb collisions at $\sqrt{s_{\rm NN}}$ = 5.02 TeV}},
	Volume = {116},
	Year = {2016},
	Bdsk-Url-1 = {https://doi.org/10.1103/PhysRevLett.116.222302}}

@article{Adam:2015vje,
	Archiveprefix = {arXiv},
	Author = {Adam, Jaroslav and others},
	Collaboration = {ALICE},
	Doi = {10.1103/PhysRevC.93.044903},
	Eprint = {1512.05739},
	Journal = {Phys. Rev.},
	Number = {4},
	Pages = {044903},
	Primaryclass = {nucl-ex},
	Reportnumber = {CERN-PH-EP-2015-316},
	Slaccitation = {%%CITATION = ARXIV:1512.05739;%%},
	Title = {{Charge-dependent flow and the search for the chiral magnetic wave in Pb-Pb collisions at $\sqrt{s_{\rm NN}} =$ 2.76 TeV}},
	Volume = {C93},
	Year = {2016},
	Bdsk-Url-1 = {https://doi.org/10.1103/PhysRevC.93.044903}}

@article{Adam:2015gba,
	Archiveprefix = {arXiv},
	Author = {Adam, Jaroslav and others},
	Collaboration = {ALICE},
	Doi = {10.1103/PhysRevLett.116.222301},
	Eprint = {1509.08802},
	Journal = {Phys. Rev. Lett.},
	Number = {22},
	Pages = {222301},
	Primaryclass = {nucl-ex},
	Reportnumber = {CERN-PH-EP-2015-268},
	Slaccitation = {%%CITATION = ARXIV:1509.08802;%%},
	Title = {{Measurement of an excess in the yield of $J/\psi$ at very low $p_{\rm T}$ in Pb-Pb collisions at $\sqrt{s_{\rm NN}}$ = 2.76 TeV}},
	Volume = {116},
	Year = {2016},
	Bdsk-Url-1 = {https://doi.org/10.1103/PhysRevLett.116.222301}}

@article{Adam:2015pza,
	Archiveprefix = {arXiv},
	Author = {Adam, Jaroslav and others},
	Collaboration = {ALICE},
	Doi = {10.1016/j.physletb.2015.12.030},
	Eprint = {1509.08734},
	Journal = {Phys. Lett.},
	Pages = {319-329},
	Primaryclass = {nucl-ex},
	Reportnumber = {CERN-PH-EP-2015-270, ALICE-PUBLIC-2015-005},
	Slaccitation = {%%CITATION = ARXIV:1509.08734;%%},
	Title = {{Pseudorapidity and transverse-momentum distributions of charged particles in proton-proton collisions at $\sqrt s=$ 13 TeV}},
	Volume = {B753},
	Year = {2016},
	Bdsk-Url-1 = {https://doi.org/10.1016/j.physletb.2015.12.030}}

@article{Adam:2015rta,
	Archiveprefix = {arXiv},
	Author = {Adam, Jaroslav and others},
	Collaboration = {ALICE},
	Doi = {10.1140/epjc/s10052-016-3987-y},
	Eprint = {1509.08258},
	Journal = {Eur. Phys. J.},
	Number = {4},
	Pages = {184},
	Primaryclass = {hep-ex},
	Reportnumber = {CERN-PH-EP-2015-267},
	Slaccitation = {%%CITATION = ARXIV:1509.08258;%%},
	Title = {{Inclusive quarkonium production at forward rapidity in pp collisions at $\sqrt{s}=8$ TeV}},
	Volume = {C76},
	Year = {2016},
	Bdsk-Url-1 = {https://doi.org/10.1140/epjc/s10052-016-3987-y}}

@article{Adam:2015gka,
	Archiveprefix = {arXiv},
	Author = {Adam, Jaroslav and others},
	Collaboration = {ALICE},
	Eprint = {1509.07541},
	Primaryclass = {nucl-ex},
	Reportnumber = {CERN-PH-EP-2015-259},
	Slaccitation = {%%CITATION = ARXIV:1509.07541;%%},
	Title = {{Charged-particle multiplicities in proton-proton collisions at $\sqrt{s}$ = 0.9 to 8 TeV}},
	Year = {2015}}

@article{Adam:2015qda,
	Archiveprefix = {arXiv},
	Author = {Adam, Jaroslav and others},
	Collaboration = {ALICE},
	Doi = {10.1016/j.physletb.2015.12.067},
	Eprint = {1509.07491},
	Journal = {Phys. Lett.},
	Pages = {81-93},
	Primaryclass = {nucl-ex},
	Reportnumber = {CERN-PH-EP-2015-262},
	Slaccitation = {%%CITATION = ARXIV:1509.07491;%%},
	Title = {{Measurement of electrons from heavy-flavour hadron decays in p-Pb collisions at $\sqrt{s_{\rm NN}} =$ 5.02 TeV}},
	Volume = {B754},
	Year = {2016},
	Bdsk-Url-1 = {https://doi.org/10.1016/j.physletb.2015.12.067}}

@article{Adam:2015mda,
	Archiveprefix = {arXiv},
	Author = {Adam, Jaroslav and others},
	Collaboration = {ALICE},
	Doi = {10.1016/j.physletb.2015.12.047},
	Eprint = {1509.07334},
	Journal = {Phys. Lett.},
	Pages = {511-525},
	Primaryclass = {nucl-ex},
	Reportnumber = {CERN-PH-EP-2015-258},
	Slaccitation = {%%CITATION = ARXIV:1509.07334;%%},
	Title = {{Azimuthal anisotropy of charged jet production in $\sqrt{s_{\rm NN}}$ = 2.76 TeV Pb-Pb collisions}},
	Volume = {B753},
	Year = {2016},
	Bdsk-Url-1 = {https://doi.org/10.1016/j.physletb.2015.12.047}}

@article{Adam:2015lda,
	Archiveprefix = {arXiv},
	Author = {Adam, Jaroslav and others},
	Collaboration = {ALICE},
	Doi = {10.1016/j.physletb.2016.01.020},
	Eprint = {1509.07324},
	Journal = {Phys. Lett.},
	Pages = {235-248},
	Primaryclass = {nucl-ex},
	Reportnumber = {CERN-PH-EP-2015-254, ALICE-PUBLIC-2015-007},
	Slaccitation = {%%CITATION = ARXIV:1509.07324;%%},
	Title = {{Direct photon production in Pb-Pb collisions at $\sqrt{s_{\mathrm NN}} =$ 2.76 TeV}},
	Volume = {B754},
	Year = {2016},
	Bdsk-Url-1 = {https://doi.org/10.1016/j.physletb.2016.01.020}}

@article{Adam:2015kda,
	Archiveprefix = {arXiv},
	Author = {Adam, Jaroslav and others},
	Collaboration = {ALICE},
	Doi = {10.1016/j.physletb.2015.12.082},
	Eprint = {1509.07299},
	Journal = {Phys. Lett.},
	Pages = {373-385},
	Primaryclass = {nucl-ex},
	Reportnumber = {CERN-PH-EP-2015-257, ALICE-PUBLIC-2015-010},
	Slaccitation = {%%CITATION = ARXIV:1509.07299;%%},
	Title = {{Centrality evolution of the charged-particle pseudorapidity density over a broad pseudorapidity range in Pb-Pb collisions at $\sqrt{s_{\rm NN}} =$ 2.76 TeV}},
	Volume = {B754},
	Year = {2016},
	Bdsk-Url-1 = {https://doi.org/10.1016/j.physletb.2015.12.082}}

@article{Adam:2015jda,
	Archiveprefix = {arXiv},
	Author = {Adam, Jaroslav and others},
	Collaboration = {ALICE},
	Doi = {10.1007/JHEP03(2016)082},
	Eprint = {1509.07287},
	Journal = {JHEP},
	Pages = {082},
	Primaryclass = {nucl-ex},
	Reportnumber = {CERN-PH-EP-2015-253},
	Slaccitation = {%%CITATION = ARXIV:1509.07287;%%},
	Title = {{Measurement of D$_{s}^{+}$ production and nuclear modification factor in Pb-Pb collisions at $ \sqrt{{\mathrm{s}}_{\mathrm{NN}}}=$ 2.76 TeV}},
	Volume = {03},
	Year = {2016},
	Bdsk-Url-1 = {https://doi.org/10.1007/JHEP03(2016)082}}

@article{Adam:2015gda,
	Archiveprefix = {arXiv},
	Author = {Adam, Jaroslav and others},
	Collaboration = {ALICE},
	Doi = {10.1140/epjc/s10052-016-3915-1},
	Eprint = {1509.07255},
	Journal = {Eur. Phys. J.},
	Number = {2},
	Pages = {86},
	Primaryclass = {nucl-ex},
	Reportnumber = {CERN-PH-EP-2015-263},
	Slaccitation = {%%CITATION = ARXIV:1509.07255;%%},
	Title = {{Multiplicity and transverse momentum evolution of charge-dependent correlations in pp, p-Pb, and Pb-Pb collisions at the LHC}},
	Volume = {C76},
	Year = {2016},
	Bdsk-Url-1 = {https://doi.org/10.1140/epjc/s10052-016-3915-1}}

@article{Adam:2015sza,
	Archiveprefix = {arXiv},
	Author = {Adam, Jaroslav and others},
	Collaboration = {ALICE},
	Doi = {10.1007/JHEP03(2016)081},
	Eprint = {1509.06888},
	Journal = {JHEP},
	Pages = {081},
	Primaryclass = {nucl-ex},
	Reportnumber = {CERN-PH-EP-2015-252},
	Slaccitation = {%%CITATION = ARXIV:1509.06888;%%},
	Title = {{Transverse momentum dependence of D-meson production in Pb-Pb collisions at $ \sqrt{{\mathrm{s}}_{\mathrm{NN}}}=$ 2.76 TeV}},
	Volume = {03},
	Year = {2016},
	Bdsk-Url-1 = {https://doi.org/10.1007/JHEP03(2016)081}}

@article{Adam:2015sia,
	Archiveprefix = {arXiv},
	Author = {Adam, Jaroslav and others},
	Collaboration = {ALICE},
	Doi = {10.1016/j.physletb.2015.10.040},
	Eprint = {1508.05076},
	Journal = {Phys. Lett.},
	Pages = {358-370},
	Primaryclass = {nucl-ex},
	Reportnumber = {CERN-PH-EP-2015-156},
	Slaccitation = {%%CITATION = ARXIV:1508.05076;%%},
	Title = {{Coherent $\psi$(2S) photo-production in ultra-peripheral Pb Pb collisions at $\sqrt{s}_{\rm NN}$ = 2.76 TeV}},
	Volume = {B751},
	Year = {2015},
	Bdsk-Url-1 = {https://doi.org/10.1016/j.physletb.2015.10.040}}

@article{Adam:2015pna,
	Archiveprefix = {arXiv},
	Author = {Adam, Jaroslav and others},
	Collaboration = {ALICE},
	Doi = {10.1038/nphys3432},
	Eprint = {1508.03986},
	Journal = {Nature Phys.},
	Number = {10},
	Pages = {811-814},
	Primaryclass = {nucl-ex},
	Reportnumber = {CERN-PH-EP-2015-035, ALICE-PUBLIC-2015-002},
	Slaccitation = {%%CITATION = ARXIV:1508.03986;%%},
	Title = {{Precision measurement of the mass difference between light nuclei and anti-nuclei}},
	Volume = {11},
	Year = {2015},
	Bdsk-Url-1 = {https://doi.org/10.1038/nphys3432}}

@article{ALICE:2015wfa,
	Archiveprefix = {arXiv},
	Author = {Adam, Jaroslav and others},
	Collaboration = {ALICE},
	Doi = {10.1088/1475-7516/2016/01/032},
	Eprint = {1507.07577},
	Journal = {JCAP},
	Number = {01},
	Pages = {032},
	Primaryclass = {astro-ph.HE},
	Slaccitation = {%%CITATION = ARXIV:1507.07577;%%},
	Title = {{Study of cosmic ray events with high muon multiplicity using the ALICE detector at the CERN Large Hadron Collider}},
	Volume = {1601},
	Year = {2016},
	Bdsk-Url-1 = {https://doi.org/10.1088/1475-7516/2016/01/032}}

@article{Adam:2015vna,
	Archiveprefix = {arXiv},
	Author = {Adam, Jaroslav and others},
	Collaboration = {ALICE},
	Doi = {10.1103/PhysRevC.93.024905},
	Eprint = {1507.06842},
	Journal = {Phys. Rev.},
	Number = {2},
	Pages = {024905},
	Primaryclass = {nucl-ex},
	Reportnumber = {CERN-PH-EP-2015-140},
	Slaccitation = {%%CITATION = ARXIV:1507.06842;%%},
	Title = {{Centrality dependence of pion freeze-out radii in Pb-Pb collisions at $\sqrt{s}_{NN}=$ 2.76 TeV}},
	Volume = {C93},
	Year = {2016},
	Bdsk-Url-1 = {https://doi.org/10.1103/PhysRevC.93.024905}}

@article{Adam:2015eta,
	Archiveprefix = {arXiv},
	Author = {Adam, Jaroslav and others},
	Collaboration = {ALICE},
	Doi = {10.1103/PhysRevC.93.034916},
	Eprint = {1507.06194},
	Journal = {Phys. Rev.},
	Number = {3},
	Pages = {034916},
	Primaryclass = {nucl-ex},
	Reportnumber = {CERN-PH-EP-2015-171},
	Slaccitation = {%%CITATION = ARXIV:1507.06194;%%},
	Title = {{Event shape engineering for inclusive spectra and elliptic flow in Pb-Pb collisions at $\sqrt{s_{\mathrm NN}}=2.76$ TeV}},
	Volume = {C93},
	Year = {2016},
	Bdsk-Url-1 = {https://doi.org/10.1103/PhysRevC.93.034916}}

@article{Adam:2015pga,
	Archiveprefix = {arXiv},
	Author = {Adam, Jaroslav and others},
	Collaboration = {ALICE},
	Doi = {10.1016/j.physletb.2015.11.059},
	Eprint = {1507.03134},
	Journal = {Phys. Lett.},
	Pages = {41-56},
	Primaryclass = {nucl-ex},
	Reportnumber = {CERN-PH-EP-2015-173},
	Slaccitation = {%%CITATION = ARXIV:1507.03134;%%},
	Title = {{Elliptic flow of muons from heavy-flavour hadron decays at forward rapidity in Pb-Pb collisions at $\sqrt{s_{\rm NN}}= 2.76$ TeV}},
	Volume = {B753},
	Year = {2016},
	Bdsk-Url-1 = {https://doi.org/10.1016/j.physletb.2015.11.059}}

@article{Adam:2015jca,
	Archiveprefix = {arXiv},
	Author = {Adam, Jaroslav and others},
	Collaboration = {ALICE},
	Eprint = {1506.09206},
	Primaryclass = {nucl-ex},
	Reportnumber = {CERN-PH-EP-2015-161},
	Slaccitation = {%%CITATION = ARXIV:1506.09206;%%},
	Title = {{$\phi$-meson production at forward rapidity in p-Pb collisions at $\sqrt{s_{\rm NN}}$ = 5.02 TeV and in pp collisions at $\sqrt{s}$ = 2.76 TeV}},
	Year = {2015}}

@article{Adam:2015vda,
	Archiveprefix = {arXiv},
	Author = {Adam, Jaroslav and others},
	Collaboration = {ALICE},
	Doi = {10.1103/PhysRevC.93.024917},
	Eprint = {1506.08951},
	Journal = {Phys. Rev.},
	Number = {2},
	Pages = {024917},
	Primaryclass = {nucl-ex},
	Reportnumber = {CERN-PH-EP-2015-025},
	Slaccitation = {%%CITATION = ARXIV:1506.08951;%%},
	Title = {{Production of light nuclei and anti-nuclei in pp and Pb-Pb collisions at energies available at the CERN Large Hadron Collider}},
	Volume = {C93},
	Year = {2016},
	Bdsk-Url-1 = {https://doi.org/10.1103/PhysRevC.93.024917}}

@article{Adam:2015jsa,
	Archiveprefix = {arXiv},
	Author = {Adam, Jaroslav and others},
	Collaboration = {ALICE},
	Doi = {10.1007/JHEP11(2015)127},
	Eprint = {1506.08808},
	Journal = {JHEP},
	Pages = {127},
	Primaryclass = {nucl-ex},
	Reportnumber = {CERN-PH-EP-2015-158},
	Slaccitation = {%%CITATION = ARXIV:1506.08808;%%},
	Title = {{Centrality dependence of inclusive J/? production in p-Pb collisions at $ \sqrt{s_{\mathrm{NN}}}=5.02 $ TeV}},
	Volume = {11},
	Year = {2015},
	Bdsk-Url-1 = {https://doi.org/10.1007/JHEP11(2015)127}}

@article{Adam:2015isa,
	Archiveprefix = {arXiv},
	Author = {Adam, Jaroslav and others},
	Collaboration = {ALICE},
	Doi = {10.1007/JHEP05(2016)179},
	Eprint = {1506.08804},
	Journal = {JHEP},
	Pages = {179},
	Primaryclass = {nucl-ex},
	Reportnumber = {CERN-PH-EP-2015-157},
	Slaccitation = {%%CITATION = ARXIV:1506.08804;%%},
	Title = {{Differential studies of inclusive J/? and ?(2S) production at forward rapidity in Pb-Pb collisions at $ \sqrt{s_{\mathrm{NN}}}=2.76 $ TeV}},
	Volume = {05},
	Year = {2016},
	Bdsk-Url-1 = {https://doi.org/10.1007/JHEP05(2016)179}}

@article{Adam:2015yta,
	Archiveprefix = {arXiv},
	Author = {Adam, Jaroslav and others},
	Collaboration = {ALICE},
	Doi = {10.1016/j.physletb.2016.01.040},
	Eprint = {1506.08453},
	Journal = {Phys. Lett.},
	Pages = {360-372},
	Primaryclass = {nucl-ex},
	Reportnumber = {CERN-PH-EP-2015-105},
	Slaccitation = {%%CITATION = ARXIV:1506.08453;%%},
	Title = {{$^{3}_{\Lambda}\mathrm H$ and $^{3}_{\bar{\Lambda}} \overline{\mathrm H}$ production in Pb-Pb collisions at $\sqrt{s_{\rm NN}} =$ 2.76 TeV}},
	Volume = {B754},
	Year = {2016},
	Bdsk-Url-1 = {https://doi.org/10.1016/j.physletb.2016.01.040}}

@article{Adam:2015bka,
	Archiveprefix = {arXiv},
	Author = {Adam, Jaroslav and others},
	Collaboration = {ALICE},
	Doi = {10.1016/j.physletb.2015.12.010},
	Eprint = {1506.08032},
	Journal = {Phys. Lett.},
	Pages = {126-139},
	Primaryclass = {nucl-ex},
	Reportnumber = {CERN-PH-EP-2015-155},
	Slaccitation = {%%CITATION = ARXIV:1506.08032;%%},
	Title = {{Forward-central two-particle correlations in p-Pb collisions at $\sqrt{s_{\rm NN}}$ = 5.02 TeV}},
	Volume = {B753},
	Year = {2016},
	Bdsk-Url-1 = {https://doi.org/10.1016/j.physletb.2015.12.010}}

@article{Adam:2015vja,
	Archiveprefix = {arXiv},
	Author = {Adam, Jaroslav and others},
	Collaboration = {ALICE},
	Doi = {10.1103/PhysRevC.92.054908},
	Eprint = {1506.07884},
	Journal = {Phys. Rev.},
	Number = {5},
	Pages = {054908},
	Primaryclass = {nucl-ex},
	Reportnumber = {CERN-PH-EP-2015-106},
	Slaccitation = {%%CITATION = ARXIV:1506.07884;%%},
	Title = {{One-dimensional pion, kaon, and proton femtoscopy in Pb-Pb collisions at $\sqrt{s_{\rm {NN}}}$ =2.76 TeV}},
	Volume = {C92},
	Year = {2015},
	Bdsk-Url-1 = {https://doi.org/10.1103/PhysRevC.92.054908}}

@article{Adam:2015nca,
	Archiveprefix = {arXiv},
	Author = {Adam, Jaroslav and others},
	Collaboration = {ALICE},
	Doi = {10.1016/j.physletb.2015.11.048},
	Eprint = {1506.07499},
	Journal = {Phys. Lett.},
	Pages = {267-277},
	Primaryclass = {nucl-ex},
	Reportnumber = {CERN-PH-EP-2015-069, CERN-PH-EP-2015-068},
	Slaccitation = {%%CITATION = ARXIV:1506.07499;%%},
	Title = {{Search for weakly decaying $\bar{\Lambda\mathrm{n}}$ and $\Lambda\Lambda $ exotic bound states in central Pb-Pb collisions at $\sqrt{s_{\rm NN}}$ = 2.76 TeV}},
	Volume = {B752},
	Year = {2016},
	Bdsk-Url-1 = {https://doi.org/10.1016/j.physletb.2015.11.048}}

@article{Adam:2015kca,
	Archiveprefix = {arXiv},
	Author = {Adam, Jaroslav and others},
	Collaboration = {ALICE},
	Doi = {10.1103/PhysRevC.93.034913},
	Eprint = {1506.07287},
	Journal = {Phys. Rev.},
	Number = {3},
	Pages = {034913},
	Primaryclass = {nucl-ex},
	Reportnumber = {CERN-PH-EP-2015-152},
	Slaccitation = {%%CITATION = ARXIV:1506.07287;%%},
	Title = {{Centrality dependence of the nuclear modification factor of charged pions, kaons, and protons in Pb-Pb collisions at $\sqrt{s_{\rm NN}}=2.76$ TeV}},
	Volume = {C93},
	Year = {2016},
	Bdsk-Url-1 = {https://doi.org/10.1103/PhysRevC.93.034913}}

@article{Adam:2015nna,
	Archiveprefix = {arXiv},
	Author = {Adam, Jaroslav and others},
	Collaboration = {ALICE},
	Doi = {10.1007/JHEP11(2015)205},
	Eprint = {1506.06604},
	Journal = {JHEP},
	Pages = {205},
	Primaryclass = {nucl-ex},
	Reportnumber = {CERN-PH-EP-2015-151},
	Slaccitation = {%%CITATION = ARXIV:1506.06604;%%},
	Title = {{Centrality dependence of high-p$_{T}$ D meson suppression in Pb-Pb collisions at $ \sqrt{s_{\mathrm{N}\mathrm{N}}}=2.76 $ TeV}},
	Volume = {11},
	Year = {2015},
	Bdsk-Url-1 = {https://doi.org/10.1007/JHEP11(2015)205}}

@article{Adam:2015doa,
	Archiveprefix = {arXiv},
	Author = {Adam, Jaroslav and others},
	Collaboration = {ALICE},
	Doi = {10.1007/JHEP09(2015)170},
	Eprint = {1506.03984},
	Journal = {JHEP},
	Pages = {170},
	Primaryclass = {nucl-ex},
	Reportnumber = {CERN-PH-EP-2015-136},
	Slaccitation = {%%CITATION = ARXIV:1506.03984;%%},
	Title = {{Measurement of jet quenching with semi-inclusive hadron-jet distributions in central Pb-Pb collisions at $ \sqrt{s_{\mathrm{NN}}}=2.76 $ TeV}},
	Volume = {09},
	Year = {2015},
	Bdsk-Url-1 = {https://doi.org/10.1007/JHEP09(2015)170}}

@article{Adam:2015ota,
	Archiveprefix = {arXiv},
	Author = {Adam, Jaroslav and others},
	Collaboration = {ALICE},
	Doi = {10.1007/JHEP09(2015)148},
	Eprint = {1505.00664},
	Journal = {JHEP},
	Pages = {148},
	Primaryclass = {nucl-ex},
	Reportnumber = {CERN-PH-EP-2015-091},
	Slaccitation = {%%CITATION = ARXIV:1505.00664;%%},
	Title = {{Measurement of charm and beauty production at central rapidity versus charged-particle multiplicity in proton-proton collisions at $ \sqrt{s}=7 $ TeV}},
	Volume = {09},
	Year = {2015},
	Bdsk-Url-1 = {https://doi.org/10.1007/JHEP09(2015)148}}

@article{Adam:2015rba,
	Archiveprefix = {arXiv},
	Author = {Adam, Jaroslav and others},
	Collaboration = {ALICE},
	Doi = {10.1007/JHEP07(2015)051},
	Eprint = {1504.07151},
	Journal = {JHEP},
	Pages = {051},
	Primaryclass = {nucl-ex},
	Reportnumber = {CERN-PH-EP-2015-092},
	Slaccitation = {%%CITATION = ARXIV:1504.07151;%%},
	Title = {{Inclusive, prompt and non-prompt J/$\psi$ production at mid-rapidity in Pb-Pb collisions at $\sqrt{s_{\rm NN}}$ = 2.76 TeV}},
	Volume = {07},
	Year = {2015},
	Bdsk-Url-1 = {https://doi.org/10.1007/JHEP07(2015)051}}

@article{Adam:2015qaa,
	Archiveprefix = {arXiv},
	Author = {Adam, Jaroslav and others},
	Collaboration = {ALICE},
	Doi = {10.1140/epjc/s10052-015-3422-9},
	Eprint = {1504.00024},
	Journal = {Eur. Phys. J.},
	Number = {5},
	Pages = {226},
	Primaryclass = {nucl-ex},
	Reportnumber = {CERN-PH-EP-2015-068},
	Slaccitation = {%%CITATION = ARXIV:1504.00024;%%},
	Title = {{Measurement of pion, kaon and proton production in proton-proton collisions at $\sqrt{s} = 7$ TeV}},
	Volume = {C75},
	Year = {2015},
	Bdsk-Url-1 = {https://doi.org/10.1140/epjc/s10052-015-3422-9}}

@article{Adam:2015gsa,
	Archiveprefix = {arXiv},
	Author = {Adam, Jaroslav and others},
	Collaboration = {ALICE},
	Doi = {10.1007/JHEP09(2015)095},
	Eprint = {1503.09177},
	Journal = {JHEP},
	Pages = {095},
	Primaryclass = {nucl-ex},
	Reportnumber = {CERN-PH-EP-2015-082},
	Slaccitation = {%%CITATION = ARXIV:1503.09177;%%},
	Title = {{Coherent $\rho^{0}$ photoproduction in ultra-peripheral Pb-Pb collisions at $ \sqrt{s_{\mathrm{NN}}}=2.76 $ TeV}},
	Volume = {09},
	Year = {2015},
	Bdsk-Url-1 = {https://doi.org/10.1007/JHEP09(2015)095}}

@article{Adam:2015iga,
	Archiveprefix = {arXiv},
	Author = {Adam, Jaroslav and others},
	Collaboration = {ALICE},
	Doi = {10.1007/JHEP06(2015)055},
	Eprint = {1503.07179},
	Journal = {JHEP},
	Pages = {055},
	Primaryclass = {nucl-ex},
	Reportnumber = {CERN-PH-EP-2015-030},
	Slaccitation = {%%CITATION = ARXIV:1503.07179;%%},
	Title = {{Rapidity and transverse-momentum dependence of the inclusive J/$\psi$ nuclear modification factor in p-Pb collisions at $ \sqrt{s_{N\ N}} =$ 5.02 TeV}},
	Volume = {06},
	Year = {2015},
	Bdsk-Url-1 = {https://doi.org/10.1007/JHEP06(2015)055}}

@article{Adam:2015xea,
	Archiveprefix = {arXiv},
	Author = {Adam, Jaroslav and others},
	Collaboration = {ALICE},
	Doi = {10.1016/j.physletb.2015.05.033},
	Eprint = {1503.03050},
	Journal = {Phys. Lett.},
	Pages = {385-395},
	Primaryclass = {nucl-ex},
	Reportnumber = {CERN-PH-EP-2015-041},
	Slaccitation = {%%CITATION = ARXIV:1503.03050;%%},
	Title = {{Measurement of dijet $k_T$ in p-Pb collisions at $\sqrt{s}_{NN}$=5.02 TeV}},
	Volume = {B746},
	Year = {2015},
	Bdsk-Url-1 = {https://doi.org/10.1016/j.physletb.2015.05.033}}

@article{Adam:2015hoa,
	Archiveprefix = {arXiv},
	Author = {Adam, Jaroslav and others},
	Collaboration = {ALICE},
	Doi = {10.1016/j.physletb.2015.07.054},
	Eprint = {1503.00681},
	Journal = {Phys. Lett.},
	Pages = {68-81},
	Primaryclass = {nucl-ex},
	Reportnumber = {CERN-PH-EP-2015-040},
	Slaccitation = {%%CITATION = ARXIV:1503.00681;%%},
	Title = {{Measurement of charged jet production cross sections and nuclear modification in p-Pb collisions at $\sqrt{s_{\mathrm NN}} = 5.02$ TeV}},
	Volume = {B749},
	Year = {2015},
	Bdsk-Url-1 = {https://doi.org/10.1016/j.physletb.2015.07.054}}

@article{Adam:2015ewa,
	Archiveprefix = {arXiv},
	Author = {Adam, Jaroslav and others},
	Collaboration = {ALICE},
	Doi = {10.1016/j.physletb.2015.04.039},
	Eprint = {1502.01689},
	Journal = {Phys. Lett.},
	Pages = {1-14},
	Primaryclass = {nucl-ex},
	Reportnumber = {CERN-PH-EP-2015-023},
	Slaccitation = {%%CITATION = ARXIV:1502.01689;%%},
	Title = {{Measurement of jet suppression in central Pb-Pb collisions at $\sqrt{s_{\rm NN}}$ = 2.76 TeV}},
	Volume = {B746},
	Year = {2015},
	Bdsk-Url-1 = {https://doi.org/10.1016/j.physletb.2015.04.039}}

@article{Adam:2015pya,
	Archiveprefix = {arXiv},
	Author = {Adam, J. and others},
	Collaboration = {ALICE},
	Doi = {10.1103/PhysRevC.91.034906},
	Eprint = {1502.00559},
	Journal = {Phys. Rev.},
	Pages = {034906},
	Primaryclass = {nucl-ex},
	Reportnumber = {CERN-PH-EP-2015-019},
	Slaccitation = {%%CITATION = ARXIV:1502.00559;%%},
	Title = {{Two-pion femtoscopy in p-Pb collisions at $\sqrt{s_{\rm NN}}=5.02$ TeV}},
	Volume = {C91},
	Year = {2015},
	Bdsk-Url-1 = {https://doi.org/10.1103/PhysRevC.91.034906}}

@article{Adam:2015mya,
	Archiveprefix = {arXiv},
	Author = {Adam, Jaroslav and others},
	Collaboration = {ALICE},
	Doi = {10.1007/JHEP05(2015)097},
	Eprint = {1502.00230},
	Journal = {JHEP},
	Pages = {097},
	Primaryclass = {nucl-ex},
	Reportnumber = {CERN-PH-EP-2015-012},
	Slaccitation = {%%CITATION = ARXIV:1502.00230;%%},
	Title = {{Forward-backward multiplicity correlations in pp collisions at $ \sqrt{s} $ = 0.9, 2.76 and 7 TeV}},
	Volume = {05},
	Year = {2015},
	Bdsk-Url-1 = {https://doi.org/10.1007/JHEP05(2015)097}}

@article{Adam:2014qja,
	Archiveprefix = {arXiv},
	Author = {Adam, Jaroslav and others},
	Collaboration = {ALICE},
	Doi = {10.1103/PhysRevC.91.064905},
	Eprint = {1412.6828},
	Journal = {Phys. Rev.},
	Number = {6},
	Pages = {064905},
	Primaryclass = {nucl-ex},
	Reportnumber = {CERN-PH-EP-2014-281},
	Slaccitation = {%%CITATION = ARXIV:1412.6828;%%},
	Title = {{Centrality dependence of particle production in p-Pb collisions at $\sqrt{s_{\rm NN} }$= 5.02 TeV}},
	Volume = {C91},
	Year = {2015},
	Bdsk-Url-1 = {https://doi.org/10.1103/PhysRevC.91.064905}}

@article{ALICE:2014rma,
	Archiveprefix = {arXiv},
	Author = {Abelev, Betty Bezverkhny and others},
	Collaboration = {ALICE},
	Doi = {10.1140/epjc/s10052-015-3356-2},
	Eprint = {1411.4981},
	Journal = {Eur. Phys. J.},
	Number = {4},
	Pages = {146},
	Primaryclass = {nucl-ex},
	Reportnumber = {CERN-PH-EP-2014-280},
	Slaccitation = {%%CITATION = ARXIV:1411.4981;%%},
	Title = {{Inclusive photon production at forward rapidities in proton-proton collisions at $\sqrt{s}$ = 0.9, 2.76 and 7 TeV}},
	Volume = {C75},
	Year = {2015},
	Bdsk-Url-1 = {https://doi.org/10.1140/epjc/s10052-015-3356-2}}

@article{ALICE:2014dla,
	Archiveprefix = {arXiv},
	Author = {Abelev, Betty Bezverkhny and others},
	Collaboration = {ALICE},
	Doi = {10.1103/PhysRevD.91.112012},
	Eprint = {1411.4969},
	Journal = {Phys. Rev.},
	Number = {11},
	Pages = {112012},
	Primaryclass = {nucl-ex},
	Reportnumber = {CERN-PH-EP-2014-254},
	Slaccitation = {%%CITATION = ARXIV:1411.4969;%%},
	Title = {{Charged jet cross sections and properties in proton-proton collisions at $\sqrt{s}=7$ TeV}},
	Volume = {D91},
	Year = {2015},
	Bdsk-Url-1 = {https://doi.org/10.1103/PhysRevD.91.112012}}

@article{Abelev:2014oea,
	Archiveprefix = {arXiv},
	Author = {Abelev, Betty Bezverkhny and others},
	Collaboration = {ALICE},
	Doi = {10.1016/j.physletb.2014.11.041},
	Eprint = {1410.2234},
	Journal = {Phys. Lett.},
	Pages = {105-117},
	Primaryclass = {nucl-ex},
	Reportnumber = {CERN-PH-EP-2014-196, ALICE-PUBLIC-2014-002},
	Slaccitation = {%%CITATION = ARXIV:1410.2234;%%},
	Title = {{Production of inclusive $\Upsilon$(1S) and $\Upsilon$(2S) in p-Pb collisions at $\mathbf{\sqrt{s_{{\rm NN}}} = 5.02}$ TeV}},
	Volume = {B740},
	Year = {2015},
	Bdsk-Url-1 = {https://doi.org/10.1016/j.physletb.2014.11.041}}

@article{Abelev:2014ckr,
	Archiveprefix = {arXiv},
	Author = {Abelev, Betty Bezverkhny and others},
	Collaboration = {ALICE},
	Doi = {10.1140/epjc/s10052-014-3077-y},
	Eprint = {1407.5530},
	Journal = {Eur. Phys. J.},
	Number = {10},
	Pages = {3077},
	Primaryclass = {nucl-ex},
	Reportnumber = {CERN-PH-EP-2014-169},
	Slaccitation = {%%CITATION = ARXIV:1407.5530;%%},
	Title = {{Event-by-event mean ${p}_{\mathbf {T}}$ fluctuations in pp and Pb-Pb collisions at the LHC}},
	Volume = {C74},
	Year = {2014},
	Bdsk-Url-1 = {https://doi.org/10.1140/epjc/s10052-014-3077-y}}

@article{TheALICE:2014dwa,
	Archiveprefix = {arXiv},
	Author = {Abelev, Betty Bezverkhny and others},
	Collaboration = {ALICE},
	Doi = {10.1103/PhysRevLett.113.232504},
	Eprint = {1406.7819},
	Journal = {Phys. Rev. Lett.},
	Number = {23},
	Pages = {232504},
	Primaryclass = {nucl-ex},
	Reportnumber = {CERN-PH-EP-2014-149},
	Slaccitation = {%%CITATION = ARXIV:1406.7819;%%},
	Title = {{Exclusive $\mathrm{J/}\psi$ photoproduction off protons in ultra-peripheral p-Pb collisions at $\sqrt{s_{\rm NN}}=5.02$ TeV}},
	Volume = {113},
	Year = {2014},
	Bdsk-Url-1 = {https://doi.org/10.1103/PhysRevLett.113.232504}}

@article{Abelev:2014mva,
	Archiveprefix = {arXiv},
	Author = {Abelev, Betty Bezverkhny and others},
	Collaboration = {ALICE},
	Doi = {10.1016/j.physletb.2014.11.028},
	Eprint = {1406.5463},
	Journal = {Phys. Lett.},
	Pages = {38-50},
	Primaryclass = {nucl-ex},
	Reportnumber = {CERN-PH-EP-2014-084},
	Slaccitation = {%%CITATION = ARXIV:1406.5463;%%},
	Title = {{Multiplicity dependence of jet-like two-particle correlation structures in p-Pb collisions at $\sqrt{s_{NN}}$=5.02 TeV}},
	Volume = {B741},
	Year = {2015},
	Bdsk-Url-1 = {https://doi.org/10.1016/j.physletb.2014.11.028}}

@article{Abelev:2014qqa,
	Archiveprefix = {arXiv},
	Author = {Abelev, Betty Bezverkhny and others},
	Collaboration = {ALICE},
	Doi = {10.1140/epjc/s10052-014-3191-x},
	Eprint = {1406.3206},
	Journal = {Eur. Phys. J.},
	Number = {1},
	Pages = {1},
	Primaryclass = {nucl-ex},
	Reportnumber = {CERN-PH-EP-2014-128},
	Slaccitation = {%%CITATION = ARXIV:1406.3206;%%},
	Title = {{Production of $\Sigma(1385)^{\pm}$ and $\Xi(1530)^{0}$ in proton-proton collisions at $\sqrt{s}=$ 7 TeV}},
	Volume = {C75},
	Year = {2015},
	Bdsk-Url-1 = {https://doi.org/10.1140/epjc/s10052-014-3191-x}}

@article{Abelev:2014mda,
	Archiveprefix = {arXiv},
	Author = {Abelev, Betty Bezverkhny and others},
	Collaboration = {ALICE},
	Doi = {10.1103/PhysRevC.90.054901},
	Eprint = {1406.2474},
	Journal = {Phys. Rev.},
	Number = {5},
	Pages = {054901},
	Primaryclass = {nucl-ex},
	Reportnumber = {CERN-PH-EP-2014-105},
	Slaccitation = {%%CITATION = ARXIV:1406.2474;%%},
	Title = {{Multiparticle azimuthal correlations in p -Pb and Pb-Pb collisions at the CERN Large Hadron Collider}},
	Volume = {C90},
	Year = {2014},
	Bdsk-Url-1 = {https://doi.org/10.1103/PhysRevC.90.054901}}

@article{Abelev:2014pua,
	Archiveprefix = {arXiv},
	Author = {Abelev, Betty Bezverkhny and others},
	Collaboration = {ALICE},
	Doi = {10.1007/JHEP06(2015)190},
	Eprint = {1405.4632},
	Journal = {JHEP},
	Pages = {190},
	Primaryclass = {nucl-ex},
	Reportnumber = {CERN-PH-EP-2014-104},
	Slaccitation = {%%CITATION = ARXIV:1405.4632;%%},
	Title = {{Elliptic flow of identified hadrons in Pb-Pb collisions at $ \sqrt{s_{\mathrm{NN}}}=2.76 $ TeV}},
	Volume = {06},
	Year = {2015},
	Bdsk-Url-1 = {https://doi.org/10.1007/JHEP06(2015)190}}

@article{Abelev:2014nua,
	Archiveprefix = {arXiv},
	Author = {Abelev, Betty Bezverkhny and others},
	Collaboration = {ALICE},
	Doi = {10.1016/j.physletb.2014.10.001},
	Eprint = {1405.4493},
	Journal = {Phys. Lett.},
	Pages = {361-372},
	Primaryclass = {nucl-ex},
	Reportnumber = {CERN-PH-EP-2014-103, ALICE-PUBLIC-2014-001},
	Slaccitation = {%%CITATION = ARXIV:1405.4493;%%},
	Title = {{Suppression of $\Upsilon (1S)$ at forward rapidity in Pb-Pb collisions at $\sqrt{s_{\rm NN}} = 2.76$ TeV}},
	Volume = {B738},
	Year = {2014},
	Bdsk-Url-1 = {https://doi.org/10.1016/j.physletb.2014.10.001}}

@article{Abelev:2014hla,
	Archiveprefix = {arXiv},
	Author = {Abelev, Betty Bezverkhny and others},
	Collaboration = {ALICE},
	Doi = {10.1016/j.physletb.2014.09.026},
	Eprint = {1405.4144},
	Journal = {Phys. Lett.},
	Pages = {97-108},
	Primaryclass = {nucl-ex},
	Reportnumber = {CERN-PH-EP-2014-089},
	Slaccitation = {%%CITATION = ARXIV:1405.4144;%%},
	Title = {{Beauty production in pp collisions at $\sqrt{s}$ = 2.76 TeV measured via semi-electronic decays}},
	Volume = {B738},
	Year = {2014},
	Bdsk-Url-1 = {https://doi.org/10.1016/j.physletb.2014.09.026}}

@article{Abelev:2014gla,
	Archiveprefix = {arXiv},
	Author = {Abelev, Betty Bezverkhny and others},
	Collaboration = {ALICE},
	Doi = {10.1103/PhysRevD.91.012001},
	Eprint = {1405.4117},
	Journal = {Phys. Rev.},
	Number = {1},
	Pages = {012001},
	Primaryclass = {nucl-ex},
	Reportnumber = {CERN-PH-EP-2014-097},
	Slaccitation = {%%CITATION = ARXIV:1405.4117;%%},
	Title = {{Measurement of electrons from semileptonic heavy-flavor hadron decays in $pp$ collisions at $\sqrt{s} = 2.76$ TeV}},
	Volume = {D91},
	Year = {2015},
	Bdsk-Url-1 = {https://doi.org/10.1103/PhysRevD.91.012001}}

@article{Abelev:2014zpa,
	Archiveprefix = {arXiv},
	Author = {Abelev, Betty Bezverkhny and others},
	Collaboration = {ALICE},
	Doi = {10.1007/JHEP12(2014)073},
	Eprint = {1405.3796},
	Journal = {JHEP},
	Pages = {073},
	Primaryclass = {nucl-ex},
	Reportnumber = {CERN-PH-EP-2014-092},
	Slaccitation = {%%CITATION = ARXIV:1405.3796;%%},
	Title = {{Suppression of $\psi$(2S) production in p-Pb collisions at $\sqrt{s_{\rm NN}}$ = 5.02 TeV}},
	Volume = {12},
	Year = {2014},
	Bdsk-Url-1 = {https://doi.org/10.1007/JHEP12(2014)073}}

@article{Abelev:2014ypa,
	Archiveprefix = {arXiv},
	Author = {Abelev, Betty Bezverkhny and others},
	Collaboration = {ALICE},
	Doi = {10.1140/epjc/s10052-014-3108-8},
	Eprint = {1405.3794},
	Journal = {Eur. Phys. J.},
	Number = {10},
	Pages = {3108},
	Primaryclass = {nucl-ex},
	Reportnumber = {CERN-PH-EP-2014-091},
	Slaccitation = {%%CITATION = ARXIV:1405.3794;%%},
	Title = {{Neutral pion production at midrapidity in pp and Pb-Pb collisions at $\sqrt{s_{{\mathrm {NN}}}}= 2.76\,{\mathrm {TeV}}$}},
	Volume = {C74},
	Year = {2014},
	Bdsk-Url-1 = {https://doi.org/10.1140/epjc/s10052-014-3108-8}}

@article{Abelev:2014hha,
	Archiveprefix = {arXiv},
	Author = {Abelev, Betty Bezverkhny and others},
	Collaboration = {ALICE},
	Doi = {10.1103/PhysRevLett.113.232301},
	Eprint = {1405.3452},
	Journal = {Phys. Rev. Lett.},
	Number = {23},
	Pages = {232301},
	Primaryclass = {nucl-ex},
	Reportnumber = {CERN-PH-EP-2014-090, CERN-PH-EP-2014-90, ALICE-PUBLIC-2015-001},
	Slaccitation = {%%CITATION = ARXIV:1405.3452;%%},
	Title = {{Measurement of prompt $D$-meson production in $p-Pb$ collisions at $\sqrt{s_{NN}}$ = 5.02 TeV}},
	Volume = {113},
	Year = {2014},
	Bdsk-Url-1 = {https://doi.org/10.1103/PhysRevLett.113.232301}}

@article{Abelev:2014dsa,
	Archiveprefix = {arXiv},
	Author = {Abelev, Betty Bezverkhny and others},
	Collaboration = {ALICE},
	Doi = {10.1140/epjc/s10052-014-3054-5},
	Eprint = {1405.2737},
	Journal = {Eur. Phys. J.},
	Number = {9},
	Pages = {3054},
	Primaryclass = {nucl-ex},
	Reportnumber = {CERN-PH-EP-2014-088},
	Slaccitation = {%%CITATION = ARXIV:1405.2737;%%},
	Title = {{Transverse momentum dependence of inclusive primary charged-particle production in p-Pb collisions at $\sqrt{s_\mathrm{{NN}}}=5.02~\mathrm{TeV}$}},
	Volume = {C74},
	Year = {2014},
	Bdsk-Url-1 = {https://doi.org/10.1140/epjc/s10052-014-3054-5}}

@article{Abelev:2014ipa,
	Archiveprefix = {arXiv},
	Author = {Abelev, Betty Bezverkhny and others},
	Collaboration = {ALICE},
	Doi = {10.1103/PhysRevC.90.034904},
	Eprint = {1405.2001},
	Journal = {Phys. Rev.},
	Number = {3},
	Pages = {034904},
	Primaryclass = {nucl-ex},
	Reportnumber = {CERN-PH-EP-2014-083},
	Slaccitation = {%%CITATION = ARXIV:1405.2001;%%},
	Title = {{Azimuthal anisotropy of D meson production in Pb-Pb collisions at $\sqrt{s_{\rm NN}} = 2.76$ TeV}},
	Volume = {C90},
	Year = {2014},
	Bdsk-Url-1 = {https://doi.org/10.1103/PhysRevC.90.034904}}

@article{Abelev:2014epa,
	Archiveprefix = {arXiv},
	Author = {Abelev, Betty Bezverkhny and others},
	Collaboration = {ALICE},
	Doi = {10.1088/1748-0221/9/11/P11003},
	Eprint = {1405.1849},
	Journal = {JINST},
	Number = {11},
	Pages = {P11003},
	Primaryclass = {nucl-ex},
	Reportnumber = {CERN-PH-EP-2014-087},
	Slaccitation = {%%CITATION = ARXIV:1405.1849;%%},
	Title = {{Measurement of visible cross sections in proton-lead collisions at $\sqrt{s_{\rm NN}}$ = 5.02 TeV in van der Meer scans with the ALICE detector}},
	Volume = {9},
	Year = {2014},
	Bdsk-Url-1 = {https://doi.org/10.1088/1748-0221/9/11/P11003}}

@article{Abelev:2014pja,
	Archiveprefix = {arXiv},
	Author = {Abelev, Betty Bezverkhny and others},
	Collaboration = {ALICE},
	Doi = {10.1016/j.physletb.2014.10.034},
	Eprint = {1404.1194},
	Journal = {Phys. Lett.},
	Pages = {139-151},
	Primaryclass = {nucl-ex},
	Reportnumber = {CERN-PH-EP-2014-062, ALICE-PUBLIC-2014-003},
	Slaccitation = {%%CITATION = ARXIV:1404.1194;%%},
	Title = {{Freeze-out radii extracted from three-pion cumulants in pp, p-Pb and Pb-Pb collisions at the LHC}},
	Volume = {B739},
	Year = {2014},
	Bdsk-Url-1 = {https://doi.org/10.1016/j.physletb.2014.10.034}}

@article{Abelev:2014uua,
	Archiveprefix = {arXiv},
	Author = {Abelev, Betty Bezverkhny and others},
	Collaboration = {ALICE},
	Doi = {10.1103/PhysRevC.91.024609},
	Eprint = {1404.0495},
	Journal = {Phys. Rev.},
	Pages = {024609},
	Primaryclass = {nucl-ex},
	Reportnumber = {CERN-PH-EP-2014-060},
	Slaccitation = {%%CITATION = ARXIV:1404.0495;%%},
	Title = {{$K^*(892)^0$ and $\phi(1020)$ production in Pb-Pb collisions at $\sqrt{s{NN}}$ = 2.76 TeV}},
	Volume = {C91},
	Year = {2015},
	Bdsk-Url-1 = {https://doi.org/10.1103/PhysRevC.91.024609}}

@article{Abelev:2014qha,
	Archiveprefix = {arXiv},
	Author = {Abelev, Betty Bezverkhny and others},
	Collaboration = {ALICE},
	Doi = {10.1140/epjc/s10052-014-2974-4},
	Eprint = {1403.3648},
	Journal = {Eur. Phys. J.},
	Number = {8},
	Pages = {2974},
	Primaryclass = {nucl-ex},
	Reportnumber = {CERN-PH-EP-2014-042},
	Slaccitation = {%%CITATION = ARXIV:1403.3648;%%},
	Title = {{Measurement of quarkonium production at forward rapidity in $pp$ collisions at $\sqrt{s} = 7$ TeV}},
	Volume = {C74},
	Year = {2014},
	Bdsk-Url-1 = {https://doi.org/10.1140/epjc/s10052-014-2974-4}}

@article{Abelev:2014ffa,
	Archiveprefix = {arXiv},
	Author = {Abelev, Betty Bezverkhny and others},
	Collaboration = {ALICE},
	Doi = {10.1142/S0217751X14300440},
	Eprint = {1402.4476},
	Journal = {Int. J. Mod. Phys.},
	Pages = {1430044},
	Primaryclass = {nucl-ex},
	Reportnumber = {CERN-PH-EP-2014-031},
	Slaccitation = {%%CITATION = ARXIV:1402.4476;%%},
	Title = {{Performance of the ALICE Experiment at the CERN LHC}},
	Volume = {A29},
	Year = {2014},
	Bdsk-Url-1 = {https://doi.org/10.1142/S0217751X14300440}}

@article{Abelev:2014laa,
	Archiveprefix = {arXiv},
	Author = {Abelev, Betty Bezverkhny and others},
	Collaboration = {ALICE},
	Doi = {10.1016/j.physletb.2014.07.011},
	Eprint = {1401.1250},
	Journal = {Phys. Lett.},
	Pages = {196-207},
	Primaryclass = {nucl-ex},
	Reportnumber = {CERN-PH-EP-2013-230},
	Slaccitation = {%%CITATION = ARXIV:1401.1250;%%},
	Title = {{Production of charged pions, kaons and protons at large transverse momenta in pp and Pb-Pb collisions at $\sqrt{s_{\rm NN}}$ =2.76 TeV}},
	Volume = {B736},
	Year = {2014},
	Bdsk-Url-1 = {https://doi.org/10.1016/j.physletb.2014.07.011}}

@article{Abelev:2013kqa,
	Archiveprefix = {arXiv},
	Author = {Abelev, B. and others},
	Collaboration = {ALICE},
	Doi = {10.1007/JHEP03(2014)013},
	Eprint = {1311.0633},
	Journal = {JHEP},
	Pages = {013},
	Primaryclass = {nucl-ex},
	Reportnumber = {CERN-PH-EP-2013-205},
	Slaccitation = {%%CITATION = ARXIV:1311.0633;%%},
	Title = {{Measurement of charged jet suppression in Pb-Pb collisions at $\sqrt{s_{NN}}$ = 2.76 TeV}},
	Volume = {03},
	Year = {2014},
	Bdsk-Url-1 = {https://doi.org/10.1007/JHEP03(2014)013}}

@article{Abelev:2013ila,
	Archiveprefix = {arXiv},
	Author = {Abelev, Betty Bezverkhny and others},
	Collaboration = {ALICE},
	Doi = {10.1016/j.physletb.2014.05.064},
	Eprint = {1311.0214},
	Journal = {Phys. Lett.},
	Pages = {314-327},
	Primaryclass = {nucl-ex},
	Reportnumber = {CERN-PH-EP-2013-203},
	Slaccitation = {%%CITATION = ARXIV:1311.0214;%%},
	Title = {{Centrality, rapidity and transverse momentum dependence of $J/\psi$ suppression in Pb-Pb collisions at $\sqrt{s_{\rm NN}}$=2.76 TeV}},
	Volume = {B734},
	Year = {2014},
	Bdsk-Url-1 = {https://doi.org/10.1016/j.physletb.2014.05.064}}

@article{Abelev:2013pqa,
	Archiveprefix = {arXiv},
	Author = {Abelev, Betty Bezverkhny and others},
	Collaboration = {ALICE},
	Doi = {10.1103/PhysRevC.89.024911},
	Eprint = {1310.7808},
	Journal = {Phys. Rev.},
	Number = {2},
	Pages = {024911},
	Primaryclass = {nucl-ex},
	Reportnumber = {CERN-PH-EP-2013-201},
	Slaccitation = {%%CITATION = ARXIV:1310.7808;%%},
	Title = {{Two- and three-pion quantum statistics correlations in Pb-Pb collisions at $\sqrt{{s}_{NN}} =$ 2.76 TeV at the CERN Large Hadron Collider}},
	Volume = {C89},
	Year = {2014},
	Bdsk-Url-1 = {https://doi.org/10.1103/PhysRevC.89.024911}}

@article{Abelev:2013yxa,
	Archiveprefix = {arXiv},
	Author = {Abelev, Betty Bezverkhny and others},
	Collaboration = {ALICE},
	Doi = {10.1007/JHEP02(2014)073},
	Eprint = {1308.6726},
	Journal = {JHEP},
	Pages = {073},
	Primaryclass = {nucl-ex},
	Reportnumber = {CERN-PH-EP-2013-163, ALICE-PUBLIC-2013-002},
	Slaccitation = {%%CITATION = ARXIV:1308.6726;%%},
	Title = {{$J/\psi$ production and nuclear effects in p-Pb collisions at $\sqrt{S_{NN}}$ = 5.02 TeV}},
	Volume = {02},
	Year = {2014},
	Bdsk-Url-1 = {https://doi.org/10.1007/JHEP02(2014)073}}

@article{Abelev:2013haa,
	Archiveprefix = {arXiv},
	Author = {Abelev, Betty Bezverkhny and others},
	Collaboration = {ALICE},
	Doi = {10.1016/j.physletb.2013.11.020},
	Eprint = {1307.6796},
	Journal = {Phys. Lett.},
	Pages = {25-38},
	Primaryclass = {nucl-ex},
	Reportnumber = {CERN-PH-EP-2013-135},
	Slaccitation = {%%CITATION = ARXIV:1307.6796;%%},
	Title = {{Multiplicity Dependence of Pion, Kaon, Proton and Lambda Production in p-Pb Collisions at $\sqrt{s_{NN}}$ = 5.02 TeV}},
	Volume = {B728},
	Year = {2014},
	Bdsk-Url-1 = {https://doi.org/10.1016/j.physletb.2013.11.020}}

@article{ABELEV:2013zaa,
	Archiveprefix = {arXiv},
	Author = {Abelev, Betty Bezverkhny and others},
	Collaboration = {ALICE},
	Doi = {10.1016/j.physletb.2014.05.052, 10.1016/j.physletb.2013.11.048},
	Eprint = {1307.5543},
	Journal = {Phys. Lett.},
	Note = {[Erratum: Phys. Lett.B734,409(2014)]},
	Pages = {216-227},
	Primaryclass = {nucl-ex},
	Reportnumber = {CERN-PH-EP-2013-134},
	Slaccitation = {%%CITATION = ARXIV:1307.5543;%%},
	Title = {{Multi-strange baryon production at mid-rapidity in Pb-Pb collisions at $\sqrt{s_{NN}}$ = 2.76 TeV}},
	Volume = {B728},
	Year = {2014},
	Bdsk-Url-1 = {https://doi.org/10.1016/j.physletb.2014.05.052,%2010.1016/j.physletb.2013.11.048}}

@article{Abelev:2013xaa,
	Archiveprefix = {arXiv},
	Author = {Abelev, Betty Bezverkhny and others},
	Collaboration = {ALICE},
	Doi = {10.1103/PhysRevLett.111.222301},
	Eprint = {1307.5530},
	Journal = {Phys. Rev. Lett.},
	Pages = {222301},
	Primaryclass = {nucl-ex},
	Reportnumber = {CERN-PH-EP-2013-132},
	Slaccitation = {%%CITATION = ARXIV:1307.5530;%%},
	Title = {{$K^0_S$ and $\Lambda$ production in Pb-Pb collisions at $\sqrt{s_{NN}}$ = 2.76 TeV}},
	Volume = {111},
	Year = {2013},
	Bdsk-Url-1 = {https://doi.org/10.1103/PhysRevLett.111.222301}}

@article{ABELEV:2013wsa,
	Archiveprefix = {arXiv},
	Author = {Abelev, Betty Bezverkhny and others},
	Collaboration = {ALICE},
	Doi = {10.1016/j.physletb.2013.08.024},
	Eprint = {1307.3237},
	Journal = {Phys. Lett.},
	Pages = {164-177},
	Primaryclass = {nucl-ex},
	Reportnumber = {CERN-PH-EP-2013-115},
	Slaccitation = {%%CITATION = ARXIV:1307.3237;%%},
	Title = {{Long-range angular correlations of $\rm \pi$, K and p in p-Pb collisions at $\sqrt{s_{\rm NN}}$ = 5.02 TeV}},
	Volume = {B726},
	Year = {2013},
	Bdsk-Url-1 = {https://doi.org/10.1016/j.physletb.2013.08.024}}

@article{Abelev:2013sqa,
	Archiveprefix = {arXiv},
	Author = {Abelev, Betty and others},
	Collaboration = {ALICE},
	Doi = {10.1007/JHEP09(2013)049},
	Eprint = {1307.1249},
	Journal = {JHEP},
	Pages = {049},
	Primaryclass = {nucl-ex},
	Reportnumber = {CERN-PH-EP-2013-107},
	Slaccitation = {%%CITATION = ARXIV:1307.1249;%%},
	Title = {{Multiplicity dependence of two-particle azimuthal correlations in pp collisions at the LHC}},
	Volume = {09},
	Year = {2013},
	Bdsk-Url-1 = {https://doi.org/10.1007/JHEP09(2013)049}}

@article{Abelev:2013ala,
	Archiveprefix = {arXiv},
	Author = {Abelev, Betty Bezverkhny and others},
	Collaboration = {ALICE},
	Doi = {10.1140/epjc/s10052-013-2662-9},
	Eprint = {1307.1093},
	Journal = {Eur. Phys. J.},
	Number = {12},
	Pages = {2662},
	Primaryclass = {nucl-ex},
	Reportnumber = {CERN-PH-EP-2013-109},
	Slaccitation = {%%CITATION = ARXIV:1307.1093;%%},
	Title = {{Energy Dependence of the Transverse Momentum Distributions of Charged Particles in pp Collisions Measured by ALICE}},
	Volume = {C73},
	Year = {2013},
	Bdsk-Url-1 = {https://doi.org/10.1140/epjc/s10052-013-2662-9}}

@article{Abelev:2013bla,
	Archiveprefix = {arXiv},
	Author = {Abelev, Betty Bezverkhny and others},
	Collaboration = {ALICE},
	Doi = {10.1016/j.physletb.2013.10.054},
	Eprint = {1307.1094},
	Journal = {Phys. Lett.},
	Pages = {371-380},
	Primaryclass = {nucl-ex},
	Reportnumber = {CERN-PH-EP-2013-111},
	Slaccitation = {%%CITATION = ARXIV:1307.1094;%%},
	Title = {{Multiplicity dependence of the average transverse momentum in pp, p-Pb, and Pb-Pb collisions at the LHC}},
	Volume = {B727},
	Year = {2013},
	Bdsk-Url-1 = {https://doi.org/10.1016/j.physletb.2013.10.054}}

@article{Abelev:2013cva,
	Archiveprefix = {arXiv},
	Author = {Abelev, Betty and others},
	Collaboration = {ALICE},
	Doi = {10.1103/PhysRevLett.111.232302},
	Eprint = {1306.4145},
	Journal = {Phys. Rev. Lett.},
	Number = {23},
	Pages = {232302},
	Primaryclass = {nucl-ex},
	Reportnumber = {CERN-PH-EP-2013-100},
	Slaccitation = {%%CITATION = ARXIV:1306.4145;%%},
	Title = {{Directed Flow of Charged Particles at Midrapidity Relative to the Spectator Plane in Pb-Pb Collisions at $\sqrt{s_{NN}}$=2.76 TeV}},
	Volume = {111},
	Year = {2013},
	Bdsk-Url-1 = {https://doi.org/10.1103/PhysRevLett.111.232302}}

@article{Abbas:2013taa,
	Archiveprefix = {arXiv},
	Author = {Abbas, E. and others},
	Collaboration = {ALICE},
	Doi = {10.1088/1748-0221/8/10/P10016},
	Eprint = {1306.3130},
	Journal = {JINST},
	Pages = {P10016},
	Primaryclass = {nucl-ex},
	Reportnumber = {CERN-PH-EP-2013-082},
	Slaccitation = {%%CITATION = ARXIV:1306.3130;%%},
	Title = {{Performance of the ALICE VZERO system}},
	Volume = {8},
	Year = {2013},
	Bdsk-Url-1 = {https://doi.org/10.1088/1748-0221/8/10/P10016}}

@article{Abbas:2013oua,
	Archiveprefix = {arXiv},
	Author = {Abbas, E. and others},
	Collaboration = {ALICE},
	Doi = {10.1140/epjc/s10052-013-2617-1},
	Eprint = {1305.1467},
	Journal = {Eur. Phys. J.},
	Number = {11},
	Pages = {2617},
	Primaryclass = {nucl-ex},
	Reportnumber = {CERN-PH-EP-2013-066},
	Slaccitation = {%%CITATION = ARXIV:1305.1467;%%},
	Title = {{Charmonium and $e^+e^-$ pair photoproduction at mid-rapidity in ultra-peripheral Pb-Pb collisions at $\sqrt{s_{\rm NN}}$=2.76 TeV}},
	Volume = {C73},
	Year = {2013},
	Bdsk-Url-1 = {https://doi.org/10.1140/epjc/s10052-013-2617-1}}

@article{Abelev:2013lca,
	Archiveprefix = {arXiv},
	Author = {Abelev, B. and others},
	Collaboration = {ALICE},
	Doi = {10.1103/PhysRevLett.111.102301},
	Eprint = {1305.2707},
	Journal = {Phys. Rev. Lett.},
	Pages = {102301},
	Primaryclass = {nucl-ex},
	Reportnumber = {CERN-PH-EP-2013-085},
	Slaccitation = {%%CITATION = ARXIV:1305.2707;%%},
	Title = {{D meson elliptic flow in non-central Pb-Pb collisions at $\sqrt{s_{\rm NN}}$ = 2.76TeV}},
	Volume = {111},
	Year = {2013},
	Bdsk-Url-1 = {https://doi.org/10.1103/PhysRevLett.111.102301}}

@article{Abbas:2013rua,
	Archiveprefix = {arXiv},
	Author = {Abbas, E. and others},
	Collaboration = {ALICE},
	Doi = {10.1140/epjc/s10052-013-2496-5},
	Eprint = {1305.1562},
	Journal = {Eur. Phys. J.},
	Pages = {2496},
	Primaryclass = {nucl-ex},
	Reportnumber = {CERN-PH-EP-2013-080},
	Slaccitation = {%%CITATION = ARXIV:1305.1562;%%},
	Title = {{Mid-rapidity anti-baryon to baryon ratios in pp collisions at $\sqrt{s}$ = 0.9, 2.76 and 7 TeV measured by ALICE}},
	Volume = {C73},
	Year = {2013},
	Bdsk-Url-1 = {https://doi.org/10.1140/epjc/s10052-013-2496-5}}

@article{Abbas:2013bpa,
	Archiveprefix = {arXiv},
	Author = {Abbas, Ehab and others},
	Collaboration = {ALICE},
	Doi = {10.1016/j.physletb.2013.09.022},
	Eprint = {1304.0347},
	Journal = {Phys. Lett.},
	Pages = {610-622},
	Primaryclass = {nucl-ex},
	Reportnumber = {CERN-PH-EP-2013-045},
	Slaccitation = {%%CITATION = ARXIV:1304.0347;%%},
	Title = {{Centrality dependence of the pseudorapidity density distribution for charged particles in Pb-Pb collisions at $\sqrt{s_{\rm NN}}$ = 2.76 TeV}},
	Volume = {B726},
	Year = {2013},
	Bdsk-Url-1 = {https://doi.org/10.1016/j.physletb.2013.09.022}}

@article{ALICE:2013xna,
	Archiveprefix = {arXiv},
	Author = {Abbas, Ehab and others},
	Collaboration = {ALICE},
	Doi = {10.1103/PhysRevLett.111.162301},
	Eprint = {1303.5880},
	Journal = {Phys. Rev. Lett.},
	Pages = {162301},
	Primaryclass = {nucl-ex},
	Reportnumber = {CERN-PH-EP-2013-042},
	Slaccitation = {%%CITATION = ARXIV:1303.5880;%%},
	Title = {{J/Psi Elliptic Flow in Pb-Pb Collisions at $\sqrt{s_{\rm NN}}$ = 2.76 TeV}},
	Volume = {111},
	Year = {2013},
	Bdsk-Url-1 = {https://doi.org/10.1103/PhysRevLett.111.162301}}

@article{Abelev:2013vea,
	Archiveprefix = {arXiv},
	Author = {Abelev, Betty and others},
	Collaboration = {ALICE},
	Doi = {10.1103/PhysRevC.88.044910},
	Eprint = {1303.0737},
	Journal = {Phys. Rev.},
	Pages = {044910},
	Primaryclass = {hep-ex},
	Reportnumber = {CERN-PH-EP-2013-019},
	Slaccitation = {%%CITATION = ARXIV:1303.0737;%%},
	Title = {{Centrality dependence of $\pi$, K, p production in Pb-Pb collisions at $\sqrt{s_{NN}}$ = 2.76 TeV}},
	Volume = {C88},
	Year = {2013},
	Bdsk-Url-1 = {https://doi.org/10.1103/PhysRevC.88.044910}}

@article{Abelev:2013qoq,
	Archiveprefix = {arXiv},
	Author = {Abelev, Betty and others},
	Collaboration = {ALICE},
	Doi = {10.1103/PhysRevC.88.044909},
	Eprint = {1301.4361},
	Journal = {Phys. Rev.},
	Number = {4},
	Pages = {044909},
	Primaryclass = {nucl-ex},
	Reportnumber = {CERN-PH-EP-2012-368},
	Slaccitation = {%%CITATION = ARXIV:1301.4361;%%},
	Title = {{Centrality determination of Pb-Pb collisions at $\sqrt{s_{NN}}$ = 2.76 TeV with ALICE}},
	Volume = {C88},
	Year = {2013},
	Bdsk-Url-1 = {https://doi.org/10.1103/PhysRevC.88.044909}}

@article{Abelev:2013csa,
	Archiveprefix = {arXiv},
	Author = {Abelev, Betty and others},
	Collaboration = {ALICE},
	Doi = {10.1016/j.physletb.2013.05.039},
	Eprint = {1301.3756},
	Journal = {Phys. Lett.},
	Pages = {267-279},
	Primaryclass = {nucl-ex},
	Reportnumber = {CERN-PH-EP-2012-371},
	Slaccitation = {%%CITATION = ARXIV:1301.3756;%%},
	Title = {{Charge correlations using the balance function in Pb-Pb collisions at $\sqrt{s_{NN}}$ = 2.76 TeV}},
	Volume = {B723},
	Year = {2013},
	Bdsk-Url-1 = {https://doi.org/10.1016/j.physletb.2013.05.039}}

@article{Abelev:2013fn,
	Archiveprefix = {arXiv},
	Author = {Abelev, B. and others},
	Collaboration = {ALICE},
	Doi = {10.1016/j.physletb.2013.04.026},
	Eprint = {1301.3475},
	Journal = {Phys. Lett.},
	Pages = {262-272},
	Primaryclass = {nucl-ex},
	Reportnumber = {CERN-PH-EP-2012-301},
	Slaccitation = {%%CITATION = ARXIV:1301.3475;%%},
	Title = {{Measurement of the inclusive differential jet cross section in $pp$ collisions at $\sqrt{s} = 2.76$ TeV}},
	Volume = {B722},
	Year = {2013},
	Bdsk-Url-1 = {https://doi.org/10.1016/j.physletb.2013.04.026}}

@article{Abelev:2012sq,
	Archiveprefix = {arXiv},
	Author = {Abelev, B. and others},
	Collaboration = {ALICE},
	Doi = {10.1103/PhysRevD.87.052016},
	Eprint = {1212.5958},
	Journal = {Phys. Rev.},
	Number = {5},
	Pages = {052016},
	Primaryclass = {hep-ex},
	Slaccitation = {%%CITATION = ARXIV:1212.5958;%%},
	Title = {{Charged kaon femtoscopic correlations in $pp$ collisions at $\sqrt{s}=7$ TeV}},
	Volume = {D87},
	Year = {2013},
	Bdsk-Url-1 = {https://doi.org/10.1103/PhysRevD.87.052016}}

@article{Abelev:2012ola,
	Archiveprefix = {arXiv},
	Author = {Abelev, Betty and others},
	Collaboration = {ALICE},
	Doi = {10.1016/j.physletb.2013.01.012},
	Eprint = {1212.2001},
	Journal = {Phys. Lett.},
	Pages = {29-41},
	Primaryclass = {nucl-ex},
	Reportnumber = {CERN-PH-EP-2012-359},
	Slaccitation = {%%CITATION = ARXIV:1212.2001;%%},
	Title = {{Long-range angular correlations on the near and away side in $p$-Pb collisions at $\sqrt{s_{NN}}=5.02$ TeV}},
	Volume = {B719},
	Year = {2013},
	Bdsk-Url-1 = {https://doi.org/10.1016/j.physletb.2013.01.012}}

@article{ALICE:2012mj,
	Archiveprefix = {arXiv},
	Author = {Abelev, Betty and others},
	Collaboration = {ALICE},
	Doi = {10.1103/PhysRevLett.110.082302},
	Eprint = {1210.4520},
	Journal = {Phys. Rev. Lett.},
	Number = {8},
	Pages = {082302},
	Primaryclass = {nucl-ex},
	Reportnumber = {CERN-PH-EP-2012-306},
	Slaccitation = {%%CITATION = ARXIV:1210.4520;%%},
	Title = {{Transverse momentum distribution and nuclear modification factor of charged particles in $p$-Pb collisions at $\sqrt{s_{NN}}=5.02$ TeV}},
	Volume = {110},
	Year = {2013},
	Bdsk-Url-1 = {https://doi.org/10.1103/PhysRevLett.110.082302}}

@article{ALICE:2012xs,
	Archiveprefix = {arXiv},
	Author = {Abelev, Betty and others},
	Collaboration = {ALICE},
	Doi = {10.1103/PhysRevLett.110.032301},
	Eprint = {1210.3615},
	Journal = {Phys. Rev. Lett.},
	Number = {3},
	Pages = {032301},
	Primaryclass = {nucl-ex},
	Reportnumber = {CERN-PH-EP-2012-307},
	Slaccitation = {%%CITATION = ARXIV:1210.3615;%%},
	Title = {{Pseudorapidity density of charged particles in $p$ + Pb collisions at $\sqrt{s_{NN}}=5.02$ TeV}},
	Volume = {110},
	Year = {2013},
	Bdsk-Url-1 = {https://doi.org/10.1103/PhysRevLett.110.032301}}

@article{Abelev:2012ba,
	Archiveprefix = {arXiv},
	Author = {Abelev, Betty and others},
	Collaboration = {ALICE},
	Doi = {10.1016/j.physletb.2012.11.059},
	Eprint = {1209.3715},
	Journal = {Phys. Lett.},
	Pages = {1273-1283},
	Primaryclass = {nucl-ex},
	Reportnumber = {CERN-PH-EP-2012-270},
	Slaccitation = {%%CITATION = ARXIV:1209.3715;%%},
	Title = {{Coherent $J/\psi$ photoproduction in ultra-peripheral Pb-Pb collisions at $\sqrt{s_{NN}} = 2.76$ TeV}},
	Volume = {B718},
	Year = {2013},
	Bdsk-Url-1 = {https://doi.org/10.1016/j.physletb.2012.11.059}}

@article{Abelev:2012hy,
	Archiveprefix = {arXiv},
	Author = {Abelev, Betty and others},
	Collaboration = {ALICE},
	Doi = {10.1140/epjc/s10052-012-2183-y},
	Eprint = {1208.5717},
	Journal = {Eur. Phys. J.},
	Pages = {2183},
	Primaryclass = {hep-ex},
	Slaccitation = {%%CITATION = ARXIV:1208.5717;%%},
	Title = {{Production of $K^*(892)^0$ and $\phi(1020)$ in $pp$ collisions at $\sqrt{s}=7$ TeV}},
	Volume = {C72},
	Year = {2012},
	Bdsk-Url-1 = {https://doi.org/10.1140/epjc/s10052-012-2183-y}}

@article{Abelev:2012sea,
	Archiveprefix = {arXiv},
	Author = {Abelev, Betty and others},
	Collaboration = {ALICE},
	Doi = {10.1140/epjc/s10052-013-2456-0},
	Eprint = {1208.4968},
	Journal = {Eur. Phys. J.},
	Number = {6},
	Pages = {2456},
	Primaryclass = {hep-ex},
	Reportnumber = {CERN-PH-EP-2012-138, CERN-PH-EP-2012-238},
	Slaccitation = {%%CITATION = ARXIV:1208.4968;%%},
	Title = {{Measurement of inelastic, single- and double-diffraction cross sections in proton--proton collisions at the LHC with ALICE}},
	Volume = {C73},
	Year = {2013},
	Bdsk-Url-1 = {https://doi.org/10.1140/epjc/s10052-013-2456-0}}

@article{Abelev:2012hxa,
	Archiveprefix = {arXiv},
	Author = {Abelev, Betty and others},
	Collaboration = {ALICE},
	Doi = {10.1016/j.physletb.2013.01.051},
	Eprint = {1208.2711},
	Journal = {Phys. Lett.},
	Pages = {52-62},
	Primaryclass = {hep-ex},
	Slaccitation = {%%CITATION = ARXIV:1208.2711;%%},
	Title = {{Centrality Dependence of Charged Particle Production at Large Transverse Momentum in Pb--Pb Collisions at $\sqrt{s_{\rm{NN}}} = 2.76$ TeV}},
	Volume = {B720},
	Year = {2013},
	Bdsk-Url-1 = {https://doi.org/10.1016/j.physletb.2013.01.051}}

@article{Abelev:2012wca,
	Archiveprefix = {arXiv},
	Author = {Abelev, Betty and others},
	Collaboration = {ALICE},
	Doi = {10.1103/PhysRevLett.109.252301},
	Eprint = {1208.1974},
	Journal = {Phys. Rev. Lett.},
	Pages = {252301},
	Primaryclass = {hep-ex},
	Reportnumber = {CERN-PH-EP-2012-230},
	Slaccitation = {%%CITATION = ARXIV:1208.1974;%%},
	Title = {{Pion, Kaon, and Proton Production in Central Pb--Pb Collisions at $\sqrt{s_{NN}} = 2.76$ TeV}},
	Volume = {109},
	Year = {2012},
	Bdsk-Url-1 = {https://doi.org/10.1103/PhysRevLett.109.252301}}

@article{Abelev:2012sca,
	Archiveprefix = {arXiv},
	Author = {Abelev, Betty and others},
	Collaboration = {ALICE},
	Doi = {10.1016/j.physletb.2013.01.069},
	Eprint = {1208.1902},
	Journal = {Phys. Lett.},
	Pages = {13-23},
	Primaryclass = {hep-ex},
	Slaccitation = {%%CITATION = ARXIV:1208.1902;%%},
	Title = {{Measurement of electrons from beauty hadron decays in $pp$ collisions at $\sqrt{s}=7$ TeV}},
	Volume = {B721},
	Year = {2013},
	Bdsk-Url-1 = {https://doi.org/10.1016/j.physletb.2013.01.069}}

@article{Abelev:2012tca,
	Archiveprefix = {arXiv},
	Author = {Abelev, Betty and others},
	Collaboration = {ALICE},
	Doi = {10.1016/j.physletb.2012.10.049},
	Eprint = {1208.1948},
	Journal = {Phys. Lett.},
	Pages = {279-294},
	Primaryclass = {hep-ex},
	Reportnumber = {CERN-PH-EP-2012-227},
	Slaccitation = {%%CITATION = ARXIV:1208.1948;%%},
	Title = {{$D_{s}^+$ meson production at central rapidity in proton--proton collisions at $\sqrt{s}=7$ TeV}},
	Volume = {B718},
	Year = {2012},
	Bdsk-Url-1 = {https://doi.org/10.1016/j.physletb.2012.10.049}}

@article{Abelev:2012pv,
	Archiveprefix = {arXiv},
	Author = {Abelev, Betty and others},
	Collaboration = {ALICE},
	Doi = {10.1103/PhysRevLett.110.152301},
	Eprint = {1207.6068},
	Journal = {Phys. Rev. Lett.},
	Number = {15},
	Pages = {152301},
	Primaryclass = {nucl-ex},
	Slaccitation = {%%CITATION = ARXIV:1207.6068;%%},
	Title = {{Net-Charge Fluctuations in Pb-Pb collisions at $\sqrt{s}_{NN} = 2.76$ TeV}},
	Volume = {110},
	Year = {2013},
	Bdsk-Url-1 = {https://doi.org/10.1103/PhysRevLett.110.152301}}

@article{Abelev:2012pa,
	Archiveprefix = {arXiv},
	Author = {Abelev, Betty and others},
	Collaboration = {ALICE},
	Doi = {10.1103/PhysRevLett.110.012301},
	Eprint = {1207.0900},
	Journal = {Phys. Rev. Lett.},
	Number = {1},
	Pages = {012301},
	Primaryclass = {nucl-ex},
	Reportnumber = {CERN-PH-EP-2012-183},
	Slaccitation = {%%CITATION = ARXIV:1207.0900;%%},
	Title = {{Charge separation relative to the reaction plane in Pb-Pb collisions at $\sqrt{s_{NN}}= 2.76$ TeV}},
	Volume = {110},
	Year = {2013},
	Bdsk-Url-1 = {https://doi.org/10.1103/PhysRevLett.110.012301}}

@article{Abelev:2012ms,
	Archiveprefix = {arXiv},
	Author = {Abelev, Betty and others},
	Collaboration = {ALICE},
	Doi = {10.1016/j.physletb.2012.09.013},
	Eprint = {1206.2056},
	Journal = {Phys. Lett.},
	Pages = {151-161},
	Primaryclass = {hep-ex},
	Reportnumber = {CERN-PH-EP-2012-160},
	Slaccitation = {%%CITATION = ARXIV:1206.2056;%%},
	Title = {{$K^0_s-K^0_s$ correlations in $pp$ collisions at $\sqrt{s}=7$ TeV from the LHC ALICE experiment}},
	Volume = {B717},
	Year = {2012},
	Bdsk-Url-1 = {https://doi.org/10.1016/j.physletb.2012.09.013}}

@article{Abelev:2012qh,
	Archiveprefix = {arXiv},
	Author = {Abelev, Betty and others},
	Collaboration = {ALICE},
	Doi = {10.1103/PhysRevLett.109.112301},
	Eprint = {1205.6443},
	Journal = {Phys. Rev. Lett.},
	Pages = {112301},
	Primaryclass = {hep-ex},
	Reportnumber = {CERN-PH-EP-2012-155},
	Slaccitation = {%%CITATION = ARXIV:1205.6443;%%},
	Title = {{Production of muons from heavy flavour decays at forward rapidity in pp and Pb-Pb collisions at $\sqrt {s_{NN}}$ = 2.76 TeV}},
	Volume = {109},
	Year = {2012},
	Bdsk-Url-1 = {https://doi.org/10.1103/PhysRevLett.109.112301}}

@article{Abelev:2012gx,
	Archiveprefix = {arXiv},
	Author = {Abelev, Betty and others},
	Collaboration = {ALICE},
	Doi = {10.1007/JHEP11(2012)065},
	Eprint = {1205.5880},
	Journal = {JHEP},
	Pages = {065},
	Primaryclass = {hep-ex},
	Reportnumber = {CERN-PH-EP-2012-132},
	Slaccitation = {%%CITATION = ARXIV:1205.5880;%%},
	Title = {{Measurement of prompt $J/\psi$ and beauty hadron production cross sections at mid-rapidity in $pp$ collisions at $\sqrt{s} = 7$ TeV}},
	Volume = {11},
	Year = {2012},
	Bdsk-Url-1 = {https://doi.org/10.1007/JHEP11(2012)065}}

@article{Abelev:2012di,
	Archiveprefix = {arXiv},
	Author = {Abelev, Betty and others},
	Collaboration = {ALICE},
	Doi = {10.1016/j.physletb.2012.12.066},
	Eprint = {1205.5761},
	Journal = {Phys. Lett.},
	Pages = {18-28},
	Primaryclass = {nucl-ex},
	Reportnumber = {CERN-PH-EP-2012-142},
	Slaccitation = {%%CITATION = ARXIV:1205.5761;%%},
	Title = {{Anisotropic flow of charged hadrons, pions and (anti-)protons measured at high transverse momentum in Pb-Pb collisions at $\sqrt{s_{NN}}$=2.76 TeV}},
	Volume = {B719},
	Year = {2013},
	Bdsk-Url-1 = {https://doi.org/10.1016/j.physletb.2012.12.066}}

@article{Abelev:2012cn,
	Archiveprefix = {arXiv},
	Author = {Abelev, B. and others},
	Collaboration = {ALICE},
	Doi = {10.1016/j.physletb.2012.09.015},
	Eprint = {1205.5724},
	Journal = {Phys. Lett.},
	Pages = {162-172},
	Primaryclass = {hep-ex},
	Reportnumber = {CERN-PH-EP-2012-001},
	Slaccitation = {%%CITATION = ARXIV:1205.5724;%%},
	Title = {{Neutral pion and $\eta$ meson production in proton-proton collisions at $\sqrt{s}=0.9$ TeV and $\sqrt{s}=7$ TeV}},
	Volume = {B717},
	Year = {2012},
	Bdsk-Url-1 = {https://doi.org/10.1016/j.physletb.2012.09.015}}

@article{Abelev:2012xe,
	Archiveprefix = {arXiv},
	Author = {Abelev, Betty and others},
	Collaboration = {ALICE},
	Doi = {10.1103/PhysRevD.86.112007},
	Eprint = {1205.5423},
	Journal = {Phys. Rev.},
	Pages = {112007},
	Primaryclass = {hep-ex},
	Reportnumber = {CERN-PH-EP-2012-131},
	Slaccitation = {%%CITATION = ARXIV:1205.5423;%%},
	Title = {{Measurement of electrons from semileptonic heavy-flavour hadron decays in pp collisions at $\sqrt{s}$ = 7 TeV}},
	Volume = {D86},
	Year = {2012},
	Bdsk-Url-1 = {https://doi.org/10.1103/PhysRevD.86.112007}}

@article{Abelev:2012vra,
	Archiveprefix = {arXiv},
	Author = {Abelev, Betty and others},
	Collaboration = {ALICE},
	Doi = {10.1007/JHEP07(2012)191},
	Eprint = {1205.4007},
	Journal = {JHEP},
	Pages = {191},
	Primaryclass = {hep-ex},
	Slaccitation = {%%CITATION = ARXIV:1205.4007;%%},
	Title = {{Measurement of charm production at central rapidity in proton-proton collisions at $\sqrt{s}=2.76$ TeV}},
	Volume = {07},
	Year = {2012},
	Bdsk-Url-1 = {https://doi.org/10.1007/JHEP07(2012)191}}

@article{Abelev:2012sk,
	Archiveprefix = {arXiv},
	Author = {Abelev, Betty and others},
	Collaboration = {ALICE},
	Doi = {10.1140/epjc/s10052-012-2124-9},
	Eprint = {1205.3963},
	Journal = {Eur. Phys. J.},
	Pages = {2124},
	Primaryclass = {hep-ex},
	Reportnumber = {CERN-PH-EP-2012-136},
	Slaccitation = {%%CITATION = ARXIV:1205.3963;%%},
	Title = {{Transverse sphericity of primary charged particles in minimum bias proton-proton collisions at $\sqrt{s}=0.9$, 2.76 and 7 TeV}},
	Volume = {C72},
	Year = {2012},
	Bdsk-Url-1 = {https://doi.org/10.1140/epjc/s10052-012-2124-9}}

@article{Abelev:2012jp,
	Archiveprefix = {arXiv},
	Author = {Abelev, Betty and others},
	Collaboration = {ALICE},
	Doi = {10.1016/j.physletb.2012.05.011},
	Eprint = {1204.0282},
	Journal = {Phys. Lett.},
	Pages = {309-318},
	Primaryclass = {nucl-ex},
	Slaccitation = {%%CITATION = ARXIV:1204.0282;%%},
	Title = {{Multi-strange baryon production in $pp$ collisions at $\sqrt{s} = 7$ TeV with ALICE}},
	Volume = {B712},
	Year = {2012},
	Bdsk-Url-1 = {https://doi.org/10.1016/j.physletb.2012.05.011}}

@article{Abelev:2012kr,
	Archiveprefix = {arXiv},
	Author = {Abelev, B. and others},
	Collaboration = {ALICE},
	Doi = {10.1016/j.physletb.2012.10.078, 10.1016/j.physletb.2015.06.058},
	Eprint = {1203.3641},
	Journal = {Phys. Lett.},
	Note = {[Erratum: Phys. Lett.B748,472(2015)]},
	Pages = {295-306},
	Primaryclass = {hep-ex},
	Reportnumber = {CERN-PH-EP-2012-055},
	Slaccitation = {%%CITATION = ARXIV:1203.3641;%%},
	Title = {{Inclusive $J/\psi$ production in $pp$ collisions at $\sqrt{s} = 2.76$ TeV}},
	Volume = {B718},
	Year = {2012},
	Bdsk-Url-1 = {https://doi.org/10.1016/j.physletb.2012.10.078,%2010.1016/j.physletb.2015.06.058}}

@article{ALICE:2012aa,
	Archiveprefix = {arXiv},
	Author = {Abelev, Betty and others},
	Collaboration = {ALICE},
	Doi = {10.1103/PhysRevLett.109.252302},
	Eprint = {1203.2436},
	Journal = {Phys. Rev. Lett.},
	Pages = {252302},
	Primaryclass = {nucl-ex},
	Slaccitation = {%%CITATION = ARXIV:1203.2436;%%},
	Title = {{Measurement of the Cross Section for Electromagnetic Dissociation with Neutron Emission in Pb-Pb Collisions at $\sqrt{s_{NN}}$ = 2.76 TeV}},
	Volume = {109},
	Year = {2012},
	Bdsk-Url-1 = {https://doi.org/10.1103/PhysRevLett.109.252302}}

@article{ALICE:2012ab,
	Archiveprefix = {arXiv},
	Author = {Abelev, Betty and others},
	Collaboration = {ALICE},
	Doi = {10.1007/JHEP09(2012)112},
	Eprint = {1203.2160},
	Journal = {JHEP},
	Pages = {112},
	Primaryclass = {nucl-ex},
	Reportnumber = {CERN-PH-EP-2012-069},
	Slaccitation = {%%CITATION = ARXIV:1203.2160;%%},
	Title = {{Suppression of high transverse momentum D mesons in central Pb-Pb collisions at $\sqrt{s_{NN}}=2.76$ TeV}},
	Volume = {09},
	Year = {2012},
	Bdsk-Url-1 = {https://doi.org/10.1007/JHEP09(2012)112}}

@article{Abelev:2012rz,
	Archiveprefix = {arXiv},
	Author = {Abelev, B. and others},
	Collaboration = {ALICE},
	Doi = {10.1016/j.physletb.2012.04.052},
	Eprint = {1202.2816},
	Journal = {Phys. Lett.},
	Pages = {165-175},
	Primaryclass = {hep-ex},
	Slaccitation = {%%CITATION = ARXIV:1202.2816;%%},
	Title = {{$J/\psi$ Production as a Function of Charged Particle Multiplicity in $pp$ Collisions at $\sqrt{s} = 7$ TeV}},
	Volume = {B712},
	Year = {2012},
	Bdsk-Url-1 = {https://doi.org/10.1016/j.physletb.2012.04.052}}

@article{Abelev:2012rv,
	Archiveprefix = {arXiv},
	Author = {Abelev, Betty and others},
	Collaboration = {ALICE},
	Doi = {10.1103/PhysRevLett.109.072301},
	Eprint = {1202.1383},
	Journal = {Phys. Rev. Lett.},
	Pages = {072301},
	Primaryclass = {hep-ex},
	Reportnumber = {CERN-PH-EP-2012-012},
	Slaccitation = {%%CITATION = ARXIV:1202.1383;%%},
	Title = {{$J/\psi$ suppression at forward rapidity in Pb-Pb collisions at $\sqrt{s_{NN}}=2.76$ TeV}},
	Volume = {109},
	Year = {2012},
	Bdsk-Url-1 = {https://doi.org/10.1103/PhysRevLett.109.072301}}

@article{Abelev:2012pi,
	Archiveprefix = {arXiv},
	Author = {Abelev, Betty and others},
	Collaboration = {ALICE},
	Doi = {10.1016/j.physletb.2012.01.063},
	Eprint = {1201.3791},
	Journal = {Phys. Lett.},
	Pages = {265-275},
	Primaryclass = {hep-ex},
	Reportnumber = {CERN-PH-EP-2011-215},
	Slaccitation = {%%CITATION = ARXIV:1201.3791;%%},
	Title = {{Heavy flavour decay muon production at forward rapidity in proton-proton collisions at $\sqrt{s} =$ 7 TeV}},
	Volume = {B708},
	Year = {2012},
	Bdsk-Url-1 = {https://doi.org/10.1016/j.physletb.2012.01.063}}

@article{Abelev:2012ej,
	Archiveprefix = {arXiv},
	Author = {Abelev, Betty and others},
	Collaboration = {ALICE},
	Doi = {10.1007/JHEP03(2012)053},
	Eprint = {1201.2423},
	Journal = {JHEP},
	Pages = {053},
	Primaryclass = {hep-ex},
	Reportnumber = {CERN-PH-EP-2012-002},
	Slaccitation = {%%CITATION = ARXIV:1201.2423;%%},
	Title = {{Measurement of Event Background Fluctuations for Charged Particle Jet Reconstruction in Pb-Pb collisions at $\sqrt{s_{NN}} = 2.76$ TeV}},
	Volume = {03},
	Year = {2012},
	Bdsk-Url-1 = {https://doi.org/10.1007/JHEP03(2012)053}}

@article{ALICE:2011ac,
	Archiveprefix = {arXiv},
	Author = {Abelev, Betty and others},
	Collaboration = {ALICE},
	Doi = {10.1007/JHEP07(2012)116},
	Eprint = {1112.2082},
	Journal = {JHEP},
	Pages = {116},
	Primaryclass = {hep-ex},
	Reportnumber = {CERN-PH-EP-2011-204},
	Slaccitation = {%%CITATION = ARXIV:1112.2082;%%},
	Title = {{Underlying Event measurements in $pp$ collisions at $\sqrt{s}=0.9$ and 7 TeV with the ALICE experiment at the LHC}},
	Volume = {07},
	Year = {2012},
	Bdsk-Url-1 = {https://doi.org/10.1007/JHEP07(2012)116}}

@article{ALICE:2011ad,
	Archiveprefix = {arXiv},
	Author = {Abelev, B. and others},
	Collaboration = {ALICE},
	Doi = {10.1016/j.physletb.2012.03.038},
	Eprint = {1112.2222},
	Journal = {Phys. Lett.},
	Pages = {557-568},
	Primaryclass = {nucl-ex},
	Reportnumber = {CERN-PH-EP-2011-196},
	Slaccitation = {%%CITATION = ARXIV:1112.2222;%%},
	Title = {{Light vector meson production in $pp$ collisions at $\sqrt{s}=7$ TeV}},
	Volume = {B710},
	Year = {2012},
	Bdsk-Url-1 = {https://doi.org/10.1016/j.physletb.2012.03.038}}

@article{Abelev:2011md,
	Archiveprefix = {arXiv},
	Author = {Abelev, Betty and others},
	Collaboration = {ALICE},
	Doi = {10.1103/PhysRevLett.108.082001},
	Eprint = {1111.1630},
	Journal = {Phys. Rev. Lett.},
	Pages = {082001},
	Primaryclass = {hep-ex},
	Reportnumber = {CERN-PH-EP-2011-182},
	Slaccitation = {%%CITATION = ARXIV:1111.1630;%%},
	Title = {{$J/\psi$ polarization in $pp$ collisions at $\sqrt{s}=7$ TeV}},
	Volume = {108},
	Year = {2012},
	Bdsk-Url-1 = {https://doi.org/10.1103/PhysRevLett.108.082001}}

@article{ALICE:2011aa,
	Archiveprefix = {arXiv},
	Author = {Abelev, B. and others},
	Collaboration = {ALICE},
	Doi = {10.1007/JHEP01(2012)128},
	Eprint = {1111.1553},
	Journal = {JHEP},
	Pages = {128},
	Primaryclass = {hep-ex},
	Reportnumber = {CERN-PH-EP-2011-181},
	Slaccitation = {%%CITATION = ARXIV:1111.1553;%%},
	Title = {{Measurement of charm production at central rapidity in proton-proton collisions at $\sqrt{s} = 7$ TeV}},
	Volume = {01},
	Year = {2012},
	Bdsk-Url-1 = {https://doi.org/10.1007/JHEP01(2012)128}}

@article{Aamodt:2011vg,
	Archiveprefix = {arXiv},
	Author = {Aamodt, K. and others},
	Collaboration = {ALICE},
	Doi = {10.1103/PhysRevLett.108.092301},
	Eprint = {1110.0121},
	Journal = {Phys. Rev. Lett.},
	Pages = {092301},
	Primaryclass = {nucl-ex},
	Reportnumber = {CERN-PH-EP-2011-161},
	Slaccitation = {%%CITATION = ARXIV:1110.0121;%%},
	Title = {{Particle-yield modification in jet-like azimuthal di-hadron correlations in Pb-Pb collisions at $\sqrt{s_{NN}} = 2.76$ TeV}},
	Volume = {108},
	Year = {2012},
	Bdsk-Url-1 = {https://doi.org/10.1103/PhysRevLett.108.092301}}

@article{Aamodt:2011by,
	Archiveprefix = {arXiv},
	Author = {Aamodt, K. and others},
	Collaboration = {ALICE},
	Doi = {10.1016/j.physletb.2012.01.060},
	Eprint = {1109.2501},
	Journal = {Phys. Lett.},
	Pages = {249-264},
	Primaryclass = {nucl-ex},
	Slaccitation = {%%CITATION = ARXIV:1109.2501;%%},
	Title = {{Harmonic decomposition of two-particle angular correlations in Pb-Pb collisions at $\sqrt{s_{NN}}=$ 2.76 TeV}},
	Volume = {B708},
	Year = {2012},
	Bdsk-Url-1 = {https://doi.org/10.1016/j.physletb.2012.01.060}}

@article{ALICE:2011ab,
	Archiveprefix = {arXiv},
	Author = {Aamodt, K. and others},
	Collaboration = {ALICE},
	Doi = {10.1103/PhysRevLett.107.032301},
	Eprint = {1105.3865},
	Journal = {Phys. Rev. Lett.},
	Pages = {032301},
	Primaryclass = {nucl-ex},
	Reportnumber = {CERN-PH-EP-2011-073},
	Slaccitation = {%%CITATION = ARXIV:1105.3865;%%},
	Title = {{Higher harmonic anisotropic flow measurements of charged particles in Pb-Pb collisions at $\sqrt{s_{NN}}$=2.76 TeV}},
	Volume = {107},
	Year = {2011},
	Bdsk-Url-1 = {https://doi.org/10.1103/PhysRevLett.107.032301}}

@article{Aamodt:2011gj,
	Archiveprefix = {arXiv},
	Author = {Aamodt, K. and others},
	Collaboration = {ALICE},
	Doi = {10.1016/j.physletb.2011.09.054, 10.1016/j.physletb.2012.10.060},
	Eprint = {1105.0380},
	Journal = {Phys. Lett.},
	Note = {[Erratum: Phys. Lett.B718,692(2012)]},
	Pages = {442-455},
	Primaryclass = {hep-ex},
	Reportnumber = {CERN-PH-EP-2011-057},
	Slaccitation = {%%CITATION = ARXIV:1105.0380;%%},
	Title = {{Rapidity and transverse momentum dependence of inclusive J$/\psi$ production in $pp$ collisions at $\sqrt{s} = 7$ TeV}},
	Volume = {B704},
	Year = {2011},
	Bdsk-Url-1 = {https://doi.org/10.1016/j.physletb.2011.09.054,%2010.1016/j.physletb.2012.10.060}}

@article{Aamodt:2011zj,
	Archiveprefix = {arXiv},
	Author = {Aamodt, K. and others},
	Collaboration = {ALICE},
	Doi = {10.1140/epjc/s10052-011-1655-9},
	Eprint = {1101.4110},
	Journal = {Eur. Phys. J.},
	Pages = {1655},
	Primaryclass = {hep-ex},
	Reportnumber = {CERN-PH-EP-2010-085},
	Slaccitation = {%%CITATION = ARXIV:1101.4110;%%},
	Title = {{Production of pions, kaons and protons in $pp$ collisions at $\sqrt{s}= 900$ GeV with ALICE at the LHC}},
	Volume = {C71},
	Year = {2011},
	Bdsk-Url-1 = {https://doi.org/10.1140/epjc/s10052-011-1655-9}}

@article{Aamodt:2011kd,
	Archiveprefix = {arXiv},
	Author = {Aamodt, K. and others},
	Collaboration = {ALICE},
	Doi = {10.1103/PhysRevD.84.112004},
	Eprint = {1101.3665},
	Journal = {Phys. Rev.},
	Pages = {112004},
	Primaryclass = {hep-ex},
	Reportnumber = {CERN-PH-EP-2010-083},
	Slaccitation = {%%CITATION = ARXIV:1101.3665;%%},
	Title = {{Femtoscopy of $pp$ collisions at $\sqrt{s}=0.9$ and 7 TeV at the LHC with two-pion Bose-Einstein correlations}},
	Volume = {D84},
	Year = {2011},
	Bdsk-Url-1 = {https://doi.org/10.1103/PhysRevD.84.112004}}

@article{Aamodt:2011mr,
	Archiveprefix = {arXiv},
	Author = {Aamodt, K. and others},
	Collaboration = {ALICE},
	Doi = {10.1016/j.physletb.2010.12.053},
	Eprint = {1012.4035},
	Journal = {Phys. Lett.},
	Pages = {328-337},
	Primaryclass = {nucl-ex},
	Reportnumber = {CERN-PH-EP-ALICE-2010-006},
	Slaccitation = {%%CITATION = ARXIV:1012.4035;%%},
	Title = {{Two-pion Bose-Einstein correlations in central Pb-Pb collisions at $\sqrt{{s}_{NN}} =$ 2.76 TeV}},
	Volume = {B696},
	Year = {2011},
	Bdsk-Url-1 = {https://doi.org/10.1016/j.physletb.2010.12.053}}

@article{Aamodt:2011zza,
	Archiveprefix = {arXiv},
	Author = {Aamodt, K. and others},
	Collaboration = {ALICE},
	Doi = {10.1140/epjc/s10052-011-1594-5},
	Eprint = {1012.3257},
	Journal = {Eur. Phys. J.},
	Pages = {1594},
	Primaryclass = {hep-ex},
	Reportnumber = {CERN-PH-EP-2010-065},
	Slaccitation = {%%CITATION = ARXIV:1012.3257;%%},
	Title = {{Strange particle production in proton-proton collisions at sqrt(s) = 0.9 TeV with ALICE at the LHC}},
	Volume = {C71},
	Year = {2011},
	Bdsk-Url-1 = {https://doi.org/10.1140/epjc/s10052-011-1594-5}}

@article{Aamodt:2010cz,
	Archiveprefix = {arXiv},
	Author = {Aamodt, Kenneth and others},
	Collaboration = {ALICE},
	Doi = {10.1103/PhysRevLett.106.032301},
	Eprint = {1012.1657},
	Journal = {Phys. Rev. Lett.},
	Pages = {032301},
	Primaryclass = {nucl-ex},
	Slaccitation = {%%CITATION = ARXIV:1012.1657;%%},
	Title = {{Centrality dependence of the charged-particle multiplicity density at mid-rapidity in Pb-Pb collisions at $\sqrt{s_{NN}}=2.76$ TeV}},
	Volume = {106},
	Year = {2011},
	Bdsk-Url-1 = {https://doi.org/10.1103/PhysRevLett.106.032301}}

@article{Aamodt:2010jd,
	Archiveprefix = {arXiv},
	Author = {Aamodt, K. and others},
	Collaboration = {ALICE},
	Doi = {10.1016/j.physletb.2010.12.020},
	Eprint = {1012.1004},
	Journal = {Phys. Lett.},
	Pages = {30-39},
	Primaryclass = {nucl-ex},
	Reportnumber = {CERN-PH-EP-ALICE-2010-004},
	Slaccitation = {%%CITATION = ARXIV:1012.1004;%%},
	Title = {{Suppression of Charged Particle Production at Large Transverse Momentum in Central Pb-Pb Collisions at $\sqrt{s_{NN}} =$ 2.76 TeV}},
	Volume = {B696},
	Year = {2011},
	Bdsk-Url-1 = {https://doi.org/10.1016/j.physletb.2010.12.020}}

@article{Aamodt:2010pa,
	Archiveprefix = {arXiv},
	Author = {Aamodt, K and others},
	Collaboration = {ALICE},
	Doi = {10.1103/PhysRevLett.105.252302},
	Eprint = {1011.3914},
	Journal = {Phys. Rev. Lett.},
	Pages = {252302},
	Primaryclass = {nucl-ex},
	Slaccitation = {%%CITATION = ARXIV:1011.3914;%%},
	Title = {{Elliptic flow of charged particles in Pb-Pb collisions at 2.76 TeV}},
	Volume = {105},
	Year = {2010},
	Bdsk-Url-1 = {https://doi.org/10.1103/PhysRevLett.105.252302}}

@article{Aamodt:2010pb,
	Archiveprefix = {arXiv},
	Author = {Aamodt, K and others},
	Collaboration = {ALICE},
	Doi = {10.1103/PhysRevLett.105.252301},
	Eprint = {1011.3916},
	Journal = {Phys. Rev. Lett.},
	Pages = {252301},
	Primaryclass = {nucl-ex},
	Slaccitation = {%%CITATION = ARXIV:1011.3916;%%},
	Title = {{Charged-particle multiplicity density at mid-rapidity in central Pb-Pb collisions at $\sqrt{s_{NN}} = 2.76$ TeV}},
	Volume = {105},
	Year = {2010},
	Bdsk-Url-1 = {https://doi.org/10.1103/PhysRevLett.105.252301}}

@article{Aamodt:2010my,
	Archiveprefix = {arXiv},
	Author = {Aamodt, K and others},
	Collaboration = {ALICE},
	Doi = {10.1016/j.physletb.2010.08.026},
	Eprint = {1007.0719},
	Journal = {Phys. Lett.},
	Pages = {53-68},
	Primaryclass = {hep-ex},
	Slaccitation = {%%CITATION = ARXIV:1007.0719;%%},
	Title = {{Transverse momentum spectra of charged particles in proton-proton collisions at $\sqrt{s} = 900$~GeV with ALICE at the LHC}},
	Volume = {B693},
	Year = {2010},
	Bdsk-Url-1 = {https://doi.org/10.1016/j.physletb.2010.08.026}}

@article{Aamodt:2010jj,
	Archiveprefix = {arXiv},
	Author = {Aamodt, K and others},
	Collaboration = {ALICE},
	Doi = {10.1103/PhysRevD.82.052001},
	Eprint = {1007.0516},
	Journal = {Phys. Rev.},
	Pages = {052001},
	Primaryclass = {hep-ex},
	Slaccitation = {%%CITATION = ARXIV:1007.0516;%%},
	Title = {{Two-pion Bose-Einstein correlations in $pp$ collisions at $\sqrt{s}=900$ GeV}},
	Volume = {D82},
	Year = {2010},
	Bdsk-Url-1 = {https://doi.org/10.1103/PhysRevD.82.052001}}

@article{Aamodt:2010dx,
	Archiveprefix = {arXiv},
	Author = {Aamodt, K. and others},
	Collaboration = {ALICE},
	Doi = {10.1103/PhysRevLett.105.072002},
	Eprint = {1006.5432},
	Journal = {Phys. Rev. Lett.},
	Pages = {072002},
	Primaryclass = {hep-ex},
	Slaccitation = {%%CITATION = ARXIV:1006.5432;%%},
	Title = {{Midrapidity antiproton-to-proton ratio in pp collisions at $\sqrt{s} = 0.9$ and $7$~TeV measured by the ALICE experiment}},
	Volume = {105},
	Year = {2010},
	Bdsk-Url-1 = {https://doi.org/10.1103/PhysRevLett.105.072002}}

@article{Aamodt:2010pp,
	Archiveprefix = {arXiv},
	Author = {Aamodt, K. and others},
	Collaboration = {ALICE},
	Doi = {10.1140/epjc/s10052-010-1350-2},
	Eprint = {1004.3514},
	Journal = {Eur. Phys. J.},
	Pages = {345-354},
	Primaryclass = {hep-ex},
	Slaccitation = {%%CITATION = ARXIV:1004.3514;%%},
	Title = {{Charged-particle multiplicity measurement in proton-proton collisions at $\sqrt{s}=7$ TeV with ALICE at LHC}},
	Volume = {C68},
	Year = {2010},
	Bdsk-Url-1 = {https://doi.org/10.1140/epjc/s10052-010-1350-2}}

@article{Aamodt:2010ft,
	Archiveprefix = {arXiv},
	Author = {Aamodt, K. and others},
	Collaboration = {ALICE},
	Doi = {10.1140/epjc/s10052-010-1339-x},
	Eprint = {1004.3034},
	Journal = {Eur. Phys. J.},
	Pages = {89-108},
	Primaryclass = {hep-ex},
	Slaccitation = {%%CITATION = ARXIV:1004.3034;%%},
	Title = {{Charged-particle multiplicity measurement in proton-proton collisions at $\sqrt{s}=0.9$ and 2.36 TeV with ALICE at LHC}},
	Volume = {C68},
	Year = {2010},
	Bdsk-Url-1 = {https://doi.org/10.1140/epjc/s10052-010-1339-x}}

@article{Aamodt:2010aa,
	Archiveprefix = {arXiv},
	Author = {Aamodt, K and others},
	Collaboration = {ALICE},
	Doi = {10.1088/1748-0221/5/03/P03003},
	Eprint = {1001.0502},
	Journal = {JINST},
	Pages = {P03003},
	Primaryclass = {physics.ins-det},
	Slaccitation = {%%CITATION = ARXIV:1001.0502;%%},
	Title = {{Alignment of the ALICE Inner Tracking System with cosmic-ray tracks}},
	Volume = {5},
	Year = {2010},
	Bdsk-Url-1 = {https://doi.org/10.1088/1748-0221/5/03/P03003}}

@article{Aamodt:2009aa,
	Archiveprefix = {arXiv},
	Author = {Aamodt, K and others},
	Collaboration = {ALICE},
	Doi = {10.1140/epjc/s10052-009-1227-4},
	Eprint = {0911.5430},
	Journal = {Eur. Phys. J.},
	Pages = {111-125},
	Primaryclass = {hep-ex},
	Slaccitation = {%%CITATION = ARXIV:0911.5430;%%},
	Title = {{First proton-proton collisions at the LHC as observed with the ALICE detector: Measurement of the charged particle pseudorapidity density at s**(1/2) = 900-GeV}},
	Volume = {C65},
	Year = {2010},
	Bdsk-Url-1 = {https://doi.org/10.1140/epjc/s10052-009-1227-4}}
