%% This BibTeX bibliography file was created using BibDesk.
%% http://bibdesk.sourceforge.net/


%% Created for Xiaoming Cheung at 2016-07-18 19:52:22 +0200 


%% Saved with string encoding Unicode (UTF-8) 



@misc{zhang:2013Jun,
	Author = {Zhang, X.},
	Date-Added = {2016-07-15 12:55:24 +0000},
	Date-Modified = {2016-07-18 17:52:20 +0000},
	Howpublished = {{ALICE-PWG-JE meeting}},
	Month = {Jun},
	Title = {{${\rm K}_{\rm S}^{0}$ and $\Lambda$ in jets}},
	Url = {https://indico.cern.ch/event/255770/contributions/573220/attachments/448522/621933/PWGJE20130611XZhang.pdf},
	Year = {2013},
	Bdsk-Url-1 = {https://indico.cern.ch/event/255770/contributions/573220/attachments/448522/621933/PWGJE20130611XZhang.pdf}}

@article{Abelev:2013haa,
	Archiveprefix = {arXiv},
	Author = {Abelev, Betty Bezverkhny and others},
	Collaboration = {ALICE},
	Date-Added = {2016-07-13 12:58:02 +0000},
	Date-Modified = {2016-07-13 12:58:50 +0000},
	Doi = {10.1016/j.physletb.2013.11.020},
	Eprint = {1307.6796},
	Journal = {Phys.~Lett.},
	Pages = {25-38},
	Primaryclass = {nucl-ex},
	Reportnumber = {CERN-PH-EP-2013-135},
	Slaccitation = {%%CITATION = ARXIV:1307.6796;%%},
	Title = {{Multiplicity Dependence of Pion, Kaon, Proton and Lambda Production in p--Pb Collisions at $\sqrt{s_{\rm NN}}=5.02$~TeV}},
	Volume = {B728},
	Year = {2014},
	Bdsk-Url-1 = {http://dx.doi.org/10.1016/j.physletb.2013.11.020}}

@misc{Ddobrigk:2012alia,
	Author = {Dobrigkeit Chinellato, D.},
	Date-Added = {2016-07-13 12:40:58 +0000},
	Date-Modified = {2016-07-13 12:43:42 +0000},
	Howpublished = {{ALICE-ANA-501}},
	Month = {May},
	Title = {{${\rm K}_{\rm S}^{0}$, $\Lambda$ and $\overline{\Lambda}$ Spectra in pp at $7$~TeV}},
	Url = {https://aliceinfo.cern.ch/Notes/node/32},
	Year = {2012},
	Bdsk-Url-1 = {https://aliceinfo.cern.ch/Notes/node/32}}

@misc{zhang:1595alia,
	Author = {Zhang, X.},
	Date-Added = {2016-07-13 12:28:58 +0000},
	Date-Modified = {2016-07-13 12:43:36 +0000},
	Howpublished = {{ALICE-ANA-1595}},
	Month = {Apr},
	Title = {{$\Lambda$ to ${\rm K}_{\rm S}^{0}$ ratio inside and outside Jets in p--Pb collisions at $\sqrt{s_{\rm NN}}=5.02$~TeV with ALICE}},
	Url = {https://aliceinfo.cern.ch/Notes/node/306},
	Year = {2014},
	Bdsk-Url-1 = {https://aliceinfo.cern.ch/Notes/node/306}}
