%% This BibTeX bibliography file was created using BibDesk.
%% http://bibdesk.sourceforge.net/


%% Created for Xiaoming Cheung at 2015-11-08 22:10:01 +0100 


%% Saved with string encoding Unicode (UTF-8) 



@article{Cacciari:2008gn,
	Archiveprefix = {arXiv},
	Author = {Cacciari, Matteo and Salam, Gavin P. and Soyez, Gregory},
	Date-Added = {2015-11-08 20:35:16 +0000},
	Date-Modified = {2015-11-08 20:35:16 +0000},
	Doi = {10.1088/1126-6708/2008/04/005},
	Eprint = {0802.1188},
	Journal = {JHEP},
	Pages = {005},
	Primaryclass = {hep-ph},
	Reportnumber = {LPTHE-07-02},
	Slaccitation = {%%CITATION = ARXIV:0802.1188;%%},
	Title = {{The Catchment Area of Jets}},
	Volume = {04},
	Year = {2008},
	Bdsk-Url-1 = {http://dx.doi.org/10.1088/1126-6708/2008/04/005}}

@article{Cacciari:2007fd,
	Archiveprefix = {arXiv},
	Author = {Cacciari, Matteo and Salam, Gavin P.},
	Date-Added = {2015-11-08 20:32:17 +0000},
	Date-Modified = {2015-11-08 20:32:28 +0000},
	Doi = {10.1016/j.physletb.2007.09.077},
	Eprint = {0707.1378},
	Journal = {Phys.~Lett.},
	Pages = {119-126},
	Primaryclass = {hep-ph},
	Reportnumber = {LPTHE-07-01},
	Slaccitation = {%%CITATION = ARXIV:0707.1378;%%},
	Title = {{Pileup subtraction using jet areas}},
	Volume = {B659},
	Year = {2008},
	Bdsk-Url-1 = {http://dx.doi.org/10.1016/j.physletb.2007.09.077}}

@article{Cacciari:2008gp,
	Archiveprefix = {arXiv},
	Author = {Cacciari, Matteo and Salam, Gavin P. and Soyez, Gregory},
	Date-Added = {2015-11-08 18:22:56 +0000},
	Date-Modified = {2015-11-08 18:23:52 +0000},
	Doi = {10.1088/1126-6708/2008/04/063},
	Eprint = {0802.1189},
	Journal = {JHEP},
	Pages = {063},
	Primaryclass = {hep-ph},
	Reportnumber = {LPTHE-07-03},
	Slaccitation = {%%CITATION = ARXIV:0802.1189;%%},
	Title = {{The anti-$k_{\rm T}$ jet clustering algorithm}},
	Volume = {04},
	Year = {2008},
	Bdsk-Url-1 = {http://dx.doi.org/10.1088/1126-6708/2008/04/063}}

@article{Sjostrand:2007gs,
	Archiveprefix = {arXiv},
	Author = {Sjostrand, Torbjorn and Mrenna, Stephen and Skands, Peter Z.},
	Date-Added = {2015-11-06 15:00:14 +0000},
	Date-Modified = {2015-11-06 15:00:28 +0000},
	Doi = {10.1016/j.cpc.2008.01.036},
	Eprint = {0710.3820},
	Journal = {Comput.~Phys.~Commun.},
	Pages = {852-867},
	Primaryclass = {hep-ph},
	Reportnumber = {CERN-LCGAPP-2007-04, LU-TP-07-28, FERMILAB-PUB-07-512-CD-T},
	Slaccitation = {%%CITATION = ARXIV:0710.3820;%%},
	Title = {{A Brief Introduction to PYTHIA 8.1}},
	Volume = {178},
	Year = {2008},
	Bdsk-Url-1 = {http://dx.doi.org/10.1016/j.cpc.2008.01.036}}

@article{Brun:1987ma,
	Author = {Brun, R. and Bruyant, F. and Maire, M. and McPherson, A. C. and Zanarini, P.},
	Date-Added = {2015-11-05 22:32:14 +0000},
	Date-Modified = {2015-11-05 22:32:14 +0000},
	Reportnumber = {CERN-DD-EE-84-1},
	Slaccitation = {%%CITATION = CERN-DD-EE-84-1;%%},
	Title = {{GEANT3}},
	Year = {1987}}

@inproceedings{Roesler:2000he,
	Archiveprefix = {arXiv},
	Author = {Roesler, Stefan and Engel, Ralph and Ranft, Johannes},
	Booktitle = {{Advanced Monte Carlo for radiation physics, particle transport simulation and applications. Proceedings, Conference, MC2000, Lisbon, Portugal, October 23-26, 2000}},
	Date-Added = {2015-11-05 22:26:59 +0000},
	Date-Modified = {2015-11-05 22:26:59 +0000},
	Doi = {10.1007/978-3-642-18211-2_166},
	Eprint = {hep-ph/0012252},
	Pages = {1033-1038},
	Primaryclass = {hep-ph},
	Reportnumber = {SLAC-PUB-8740},
	Slaccitation = {%%CITATION = HEP-PH/0012252;%%},
	Title = {{The Monte Carlo event generator DPMJET-III}},
	Url = {http://www-public.slac.stanford.edu/sciDoc/docMeta.aspx?slacPubNumber=SLAC-PUB-8740},
	Year = {2000},
	Bdsk-Url-1 = {http://www-public.slac.stanford.edu/sciDoc/docMeta.aspx?slacPubNumber=SLAC-PUB-8740},
	Bdsk-Url-2 = {http://dx.doi.org/10.1007/978-3-642-18211-2_166}}

@article{Agashe:2014kda,
	Author = {Olive, K. A. and others},
	Collaboration = {Particle Data Group},
	Date-Added = {2015-11-05 16:47:01 +0000},
	Date-Modified = {2015-11-05 16:48:58 +0000},
	Doi = {10.1088/1674-1137/38/9/090001},
	Journal = {Chin.~Phys.},
	Pages = {090001},
	Slaccitation = {%%CITATION = CHPHD,C38,090001;%%},
	Title = {{Review of Particle Physics}},
	Volume = {C38},
	Year = {2014},
	Bdsk-Url-1 = {http://dx.doi.org/10.1088/1674-1137/38/9/090001}}

@article{Cabibbo:1975ig,
	Author = {Cabibbo, N. and Parisi, G.},
	Doi = {10.1016/0370-2693(75)90158-6},
	Journal = {Phys.Lett.},
	Pages = {67-69},
	Reportnumber = {INFN-ROME-620},
	Slaccitation = {%%CITATION = PHLTA,B59,67;%%},
	Title = {{Exponential Hadronic Spectrum and Quark Liberation}},
	Volume = {B59},
	Year = {1975},
	Bdsk-Url-1 = {http://dx.doi.org/10.1016/0370-2693(75)90158-6}}

@article{Shuryak:1978ij,
	Author = {Shuryak, Edward V.},
	Doi = {10.1016/0370-2693(78)90370-2},
	Journal = {Phys.Lett.},
	Pages = {150},
	Reportnumber = {IYF-78-24},
	Slaccitation = {%%CITATION = PHLTA,B78,150;%%},
	Title = {{Quark-Gluon Plasma and Hadronic Production of Leptons, Photons and Psions}},
	Volume = {B78},
	Year = {1978},
	Bdsk-Url-1 = {http://dx.doi.org/10.1016/0370-2693(78)90370-2}}

@article{McLerran:1980pk,
	Author = {McLerran, Larry D. and Svetitsky, Benjamin},
	Doi = {10.1016/0370-2693(81)90986-2},
	Journal = {Phys.Lett.},
	Pages = {195},
	Reportnumber = {SLAC-PUB-2572},
	Slaccitation = {%%CITATION = PHLTA,B98,195;%%},
	Title = {{A Monte Carlo Study of SU(2) Yang-Mills Theory at Finite Temperature}},
	Volume = {B98},
	Year = {1981},
	Bdsk-Url-1 = {http://dx.doi.org/10.1016/0370-2693(81)90986-2}}

@article{Cleymans:1985wb,
	Author = {Cleymans, J. and Gavai, R.V. and Suhonen, E.},
	Doi = {10.1016/0370-1573(86)90169-9},
	Journal = {Phys.Rept.},
	Pages = {217},
	Reportnumber = {BI-TP-85-05},
	Slaccitation = {%%CITATION = PRPLC,130,217;%%},
	Title = {{Quarks and Gluons at High Temperatures and Densities}},
	Volume = {130},
	Year = {1986},
	Bdsk-Url-1 = {http://dx.doi.org/10.1016/0370-1573(86)90169-9}}

@article{Shuryak:1984nq,
	Author = {Shuryak, Edward V.},
	Journal = {Phys.Rept.},
	Pages = {151},
	Reportnumber = {IYF-84-20},
	Slaccitation = {%%CITATION = PRPLC,115,151;%%},
	Title = {{THEORY AND PHENOMENOLOGY OF THE QCD VACUUM. 7. MACROSCOPIC EXCITATIONS}},
	Volume = {115},
	Year = {1984}}

@article{Bjorken:1982tu,
	Author = {Bjorken, J.D.},
	Reportnumber = {FERMILAB-PUB-82-059-THY, FERMILAB-PUB-82-059-T},
	Slaccitation = {%%CITATION = FERMILAB-PUB-82-059-THY ETC.;%%},
	Title = {{Energy Loss of Energetic Partons in Quark - Gluon Plasma: Possible Extinction of High p(t) Jets in Hadron - Hadron Collisions}},
	Year = {1982}}

@misc{Brun:1994aa,
	Author = {Brun, Rene and Carminati, Federico and Giani, Simone},
	Date-Modified = {2015-11-05 22:34:19 +0000},
	Howpublished = {{CERN-W5013}},
	Reportnumber = {CERN-W5013, CERN-W-5013},
	Slaccitation = {%%CITATION = CERN-W5013 ETC.;%%},
	Title = {{GEANT Detector Description and Simulation Tool}},
	Year = {1994}}

@article{Battistoni:2007zzb,
	Author = {Battistoni, Giuseppe and Muraro, S. and Sala, Paola R. and Cerutti, Fabio and Ferrari, A. and others},
	Doi = {10.1063/1.2720455},
	Journal = {AIP Conf.Proc.},
	Pages = {31-49},
	Reportnumber = {SLAC-REPRINT-2007-184},
	Slaccitation = {%%CITATION = APCPC,896,31;%%},
	Title = {{The FLUKA code: Description and benchmarking}},
	Volume = {896},
	Year = {2007},
	Bdsk-Url-1 = {http://dx.doi.org/10.1063/1.2720455}}

@article{Ellis:2002bz,
	Author = {Ellis, N. and Fleischer, R.},
	Editor = {Ellis, N.},
	Reportnumber = {CERN-2004-001},
	Slaccitation = {%%CITATION = CERN-2004-001 ETC.;%%},
	Title = {{2002 European School of high-energy physics, Pylos, Greece, 25 Aug-7 Sep 2002: Proceedings}},
	Year = {2002}}

@article{Krzywicki:1979gv,
	Author = {Krzywicki, A. and Engels, J. and Petersson, B. and Sukhatme, U.},
	Doi = {10.1016/0370-2693(79)91284-X},
	Journal = {Phys.Lett.},
	Pages = {407},
	Reportnumber = {BI-TP 79/14},
	Slaccitation = {%%CITATION = PHLTA,B85,407;%%},
	Title = {{Does a Nucleus Act Like a Gluon Filter?}},
	Volume = {B85},
	Year = {1979},
	Bdsk-Url-1 = {http://dx.doi.org/10.1016/0370-2693(79)91284-X}}

@article{Satz:2000bn,
	Archiveprefix = {arXiv},
	Author = {Satz, Helmut},
	Doi = {10.1088/0034-4885/63/9/203},
	Eprint = {hep-ph/0007069},
	Journal = {Rept.Prog.Phys.},
	Pages = {1511},
	Primaryclass = {hep-ph},
	Reportnumber = {BI-TP-2000-23},
	Slaccitation = {%%CITATION = HEP-PH/0007069;%%},
	Title = {{Color deconfinement in nuclear collisions}},
	Volume = {63},
	Year = {2000},
	Bdsk-Url-1 = {http://dx.doi.org/10.1088/0034-4885/63/9/203}}

@article{Bass:1998vz,
	Archiveprefix = {arXiv},
	Author = {Bass, S.A. and Gyulassy, M. and Stoecker, Horst and Greiner, W.},
	Doi = {10.1088/0954-3899/25/3/013},
	Eprint = {hep-ph/9810281},
	Journal = {J.Phys.},
	Pages = {R1-R57},
	Primaryclass = {hep-ph},
	Reportnumber = {DOE-ER-40561-11},
	Slaccitation = {%%CITATION = HEP-PH/9810281;%%},
	Title = {{Signatures of quark gluon plasma formation in high-energy heavy ion collisions: A Critical review}},
	Volume = {G25},
	Year = {1999},
	Bdsk-Url-1 = {http://dx.doi.org/10.1088/0954-3899/25/3/013}}

@article{Borsanyi:2010cj,
	Archiveprefix = {arXiv},
	Author = {Borsanyi, Szabolcs and Endrodi, Gergely and Fodor, Zoltan and Jakovac, Antal and Katz, Sandor D. and others},
	Doi = {10.1007/JHEP11(2010)077},
	Eprint = {1007.2580},
	Journal = {JHEP},
	Pages = {077},
	Primaryclass = {hep-lat},
	Reportnumber = {WUB-10-12},
	Slaccitation = {%%CITATION = ARXIV:1007.2580;%%},
	Title = {{The QCD equation of state with dynamical quarks}},
	Volume = {1011},
	Year = {2010},
	Bdsk-Url-1 = {http://dx.doi.org/10.1007/JHEP11(2010)077}}

@article{Bhattacharya:2014ara,
	Archiveprefix = {arXiv},
	Author = {Bhattacharya, Tanmoy and Buchoff, Michael I. and Christ, Norman H. and Ding, H.-T. and Gupta, Rajan and others},
	Doi = {10.1103/PhysRevLett.113.082001},
	Eprint = {1402.5175},
	Journal = {Phys.Rev.Lett.},
	Number = {8},
	Pages = {082001},
	Primaryclass = {hep-lat},
	Reportnumber = {BNL-103837-2014-JA, CU-TP-1205, INT-PUB-14-003, LLNL-JRNL-650194},
	Slaccitation = {%%CITATION = ARXIV:1402.5175;%%},
	Title = {{QCD Phase Transition with Chiral Quarks and Physical Quark Masses}},
	Volume = {113},
	Year = {2014},
	Bdsk-Url-1 = {http://dx.doi.org/10.1103/PhysRevLett.113.082001}}

@article{Aamodt:2010jj,
	Archiveprefix = {arXiv},
	Author = {Aamodt, K and others},
	Collaboration = {ALICE},
	Doi = {10.1103/PhysRevD.82.052001},
	Eprint = {1007.0516},
	Journal = {Phys.Rev.},
	Pages = {052001},
	Primaryclass = {hep-ex},
	Slaccitation = {%%CITATION = ARXIV:1007.0516;%%},
	Title = {{Two-pion Bose-Einstein correlations in $pp$ collisions at $\sqrt{s}=900$ GeV}},
	Volume = {D82},
	Year = {2010},
	Bdsk-Url-1 = {http://dx.doi.org/10.1103/PhysRevD.82.052001}}

@article{Laermann:2003cv,
	Archiveprefix = {arXiv},
	Author = {Laermann, Edwin and Philipsen, Owe},
	Doi = {10.1146/annurev.nucl.53.041002.110609},
	Eprint = {hep-ph/0303042},
	Journal = {Ann.Rev.Nucl.Part.Sci.},
	Pages = {163-198},
	Primaryclass = {hep-ph},
	Reportnumber = {BI-TP-2003-06, MIT-CTP-3345},
	Slaccitation = {%%CITATION = HEP-PH/0303042;%%},
	Title = {{The Status of lattice QCD at finite temperature}},
	Volume = {53},
	Year = {2003},
	Bdsk-Url-1 = {http://dx.doi.org/10.1146/annurev.nucl.53.041002.110609}}

@article{Muller:2006ee,
	Archiveprefix = {arXiv},
	Author = {Muller, Berndt and Nagle, James L.},
	Doi = {10.1146/annurev.nucl.56.080805.140556},
	Eprint = {nucl-th/0602029},
	Journal = {Ann.Rev.Nucl.Part.Sci.},
	Pages = {93-135},
	Primaryclass = {nucl-th},
	Slaccitation = {%%CITATION = NUCL-TH/0602029;%%},
	Title = {{Results from the relativistic heavy ion collider}},
	Volume = {56},
	Year = {2006},
	Bdsk-Url-1 = {http://dx.doi.org/10.1146/annurev.nucl.56.080805.140556}}

@article{Andronic:2008gu,
	Archiveprefix = {arXiv},
	Author = {Andronic, A. and Braun-Munzinger, P. and Stachel, J.},
	Doi = {10.1016/j.physletb.2009.02.014, 10.1016/j.physletb.2009.06.021},
	Eprint = {0812.1186},
	Journal = {Phys.Lett.},
	Pages = {142-145},
	Primaryclass = {nucl-th},
	Slaccitation = {%%CITATION = ARXIV:0812.1186;%%},
	Title = {{Thermal hadron production in relativistic nuclear collisions: The Hadron mass spectrum, the horn, and the QCD phase transition}},
	Volume = {B673},
	Year = {2009},
	Bdsk-Url-1 = {http://dx.doi.org/10.1016/j.physletb.2009.02.014,%2010.1016/j.physletb.2009.06.021}}

@article{Cleymans:2006xj,
	Archiveprefix = {arXiv},
	Author = {Cleymans, J. and Kraus, I. and Oeschler, H. and Redlich, K. and Wheaton, S.},
	Doi = {10.1103/PhysRevC.74.034903},
	Eprint = {hep-ph/0604237},
	Journal = {Phys.Rev.},
	Pages = {034903},
	Primaryclass = {hep-ph},
	Slaccitation = {%%CITATION = HEP-PH/0604237;%%},
	Title = {{Statistical model predictions for particle ratios at s(NN)**(1/2) = 5.5-TeV}},
	Volume = {C74},
	Year = {2006},
	Bdsk-Url-1 = {http://dx.doi.org/10.1103/PhysRevC.74.034903}}

@article{BraunMunzinger:2003zz,
	Archiveprefix = {arXiv},
	Author = {Braun-Munzinger, P. and Stachel, J. and Wetterich, Christof},
	Doi = {10.1016/j.physletb.2004.05.081},
	Eprint = {nucl-th/0311005},
	Journal = {Phys.Lett.},
	Pages = {61-69},
	Primaryclass = {nucl-th},
	Reportnumber = {GSI-PREPRINT-2003-34},
	Slaccitation = {%%CITATION = NUCL-TH/0311005;%%},
	Title = {{Chemical freezeout and the QCD phase transition temperature}},
	Volume = {B596},
	Year = {2004},
	Bdsk-Url-1 = {http://dx.doi.org/10.1016/j.physletb.2004.05.081}}

@article{Schnedermann:1993ws,
	Archiveprefix = {arXiv},
	Author = {Schnedermann, Ekkard and Sollfrank, Josef and Heinz, Ulrich W.},
	Doi = {10.1103/PhysRevC.48.2462},
	Eprint = {nucl-th/9307020},
	Journal = {Phys.Rev.},
	Pages = {2462-2475},
	Primaryclass = {nucl-th},
	Reportnumber = {TPR-93-16},
	Slaccitation = {%%CITATION = NUCL-TH/9307020;%%},
	Title = {{Thermal phenomenology of hadrons from 200-A/GeV S+S collisions}},
	Volume = {C48},
	Year = {1993},
	Bdsk-Url-1 = {http://dx.doi.org/10.1103/PhysRevC.48.2462}}

@article{McLerran:1993ni,
	Archiveprefix = {arXiv},
	Author = {McLerran, Larry D. and Venugopalan, Raju},
	Doi = {10.1103/PhysRevD.49.2233},
	Eprint = {hep-ph/9309289},
	Journal = {Phys.Rev.},
	Pages = {2233-2241},
	Primaryclass = {hep-ph},
	Reportnumber = {TPI-MINN-93-44-T, NUC-MINN-93-24-T, HEP-UMN-TH-1220-93},
	Slaccitation = {%%CITATION = HEP-PH/9309289;%%},
	Title = {{Computing quark and gluon distribution functions for very large nuclei}},
	Volume = {D49},
	Year = {1994},
	Bdsk-Url-1 = {http://dx.doi.org/10.1103/PhysRevD.49.2233}}

@article{Gelis:2010nm,
	Archiveprefix = {arXiv},
	Author = {Gelis, Francois and Iancu, Edmond and Jalilian-Marian, Jamal and Venugopalan, Raju},
	Doi = {10.1146/annurev.nucl.010909.083629},
	Eprint = {1002.0333},
	Journal = {Ann.Rev.Nucl.Part.Sci.},
	Pages = {463-489},
	Primaryclass = {hep-ph},
	Slaccitation = {%%CITATION = ARXIV:1002.0333;%%},
	Title = {{The Color Glass Condensate}},
	Volume = {60},
	Year = {2010},
	Bdsk-Url-1 = {http://dx.doi.org/10.1146/annurev.nucl.010909.083629}}

@article{Dusling:2013oia,
	Archiveprefix = {arXiv},
	Author = {Dusling, Kevin and Venugopalan, Raju},
	Doi = {10.1103/PhysRevD.87.094034},
	Eprint = {1302.7018},
	Journal = {Phys.Rev.},
	Number = {9},
	Pages = {094034},
	Primaryclass = {hep-ph},
	Slaccitation = {%%CITATION = ARXIV:1302.7018;%%},
	Title = {{Comparison of the color glass condensate to dihadron correlations in proton-proton and proton-nucleus collisions}},
	Volume = {D87},
	Year = {2013},
	Bdsk-Url-1 = {http://dx.doi.org/10.1103/PhysRevD.87.094034}}

@article{Bozek:2012gr,
	Archiveprefix = {arXiv},
	Author = {Bozek, Piotr and Broniowski, Wojciech},
	Doi = {10.1016/j.physletb.2012.12.051},
	Eprint = {1211.0845},
	Journal = {Phys.Lett.},
	Pages = {1557-1561},
	Primaryclass = {nucl-th},
	Slaccitation = {%%CITATION = ARXIV:1211.0845;%%},
	Title = {{Correlations from hydrodynamic flow in p-Pb collisions}},
	Volume = {B718},
	Year = {2013},
	Bdsk-Url-1 = {http://dx.doi.org/10.1016/j.physletb.2012.12.051}}

@article{Qin:2013bha,
	Archiveprefix = {arXiv},
	Author = {Qin, Guang-You and M?ller, Berndt},
	Doi = {10.1103/PhysRevC.89.044902},
	Eprint = {1306.3439},
	Journal = {Phys.Rev.},
	Number = {4},
	Pages = {044902},
	Primaryclass = {nucl-th},
	Slaccitation = {%%CITATION = ARXIV:1306.3439;%%},
	Title = {{Elliptic and triangular flow anisotropy in deuteron-gold collisions at $\sqrt{s_{NN}}=200$ GeV at RHIC and in proton-lead collisions at $\sqrt{s_{NN}}=5.02$ TeV at the LHC}},
	Volume = {C89},
	Year = {2014},
	Bdsk-Url-1 = {http://dx.doi.org/10.1103/PhysRevC.89.044902}}

@article{Bzdak:2013zma,
	Archiveprefix = {arXiv},
	Author = {Bzdak, Adam and Schenke, Bjoern and Tribedy, Prithwish and Venugopalan, Raju},
	Doi = {10.1103/PhysRevC.87.064906},
	Eprint = {1304.3403},
	Journal = {Phys.Rev.},
	Number = {6},
	Pages = {064906},
	Primaryclass = {nucl-th},
	Slaccitation = {%%CITATION = ARXIV:1304.3403;%%},
	Title = {{Initial state geometry and the role of hydrodynamics in proton-proton, proton-nucleus and deuteron-nucleus collisions}},
	Volume = {C87},
	Year = {2013},
	Bdsk-Url-1 = {http://dx.doi.org/10.1103/PhysRevC.87.064906}}

@article{Skands:2010ak,
	Archiveprefix = {arXiv},
	Author = {Skands, Peter Zeiler},
	Date-Modified = {2015-11-06 14:41:16 +0000},
	Doi = {10.1103/PhysRevD.82.074018},
	Eprint = {1005.3457},
	Journal = {Phys.~Rev.},
	Pages = {074018},
	Primaryclass = {hep-ph},
	Reportnumber = {MCNET-10-08, CERN-PH-TH-2010-113},
	Slaccitation = {%%CITATION = ARXIV:1005.3457;%%},
	Title = {{Tuning Monte Carlo Generators: The Perugia Tunes}},
	Volume = {D82},
	Year = {2010},
	Bdsk-Url-1 = {http://dx.doi.org/10.1103/PhysRevD.82.074018}}

@article{Fries:2003vb,
	Archiveprefix = {arXiv},
	Author = {Fries, R.J. and Muller, Berndt and Nonaka, C. and Bass, S.A.},
	Doi = {10.1103/PhysRevLett.90.202303},
	Eprint = {nucl-th/0301087},
	Journal = {Phys.Rev.Lett.},
	Pages = {202303},
	Primaryclass = {nucl-th},
	Reportnumber = {DUKE-TH-03-233},
	Slaccitation = {%%CITATION = NUCL-TH/0301087;%%},
	Title = {{Hadronization in heavy ion collisions: Recombination and fragmentation of partons}},
	Volume = {90},
	Year = {2003},
	Bdsk-Url-1 = {http://dx.doi.org/10.1103/PhysRevLett.90.202303}}

@article{Bozek:2011gq,
	Archiveprefix = {arXiv},
	Author = {Bozek, Piotr},
	Doi = {10.5506/APhysPolB.43.689},
	Eprint = {1111.4398},
	Journal = {Acta Phys.Polon.},
	Pages = {689},
	Primaryclass = {nucl-th},
	Slaccitation = {%%CITATION = ARXIV:1111.4398;%%},
	Title = {{Hydrodynamic flow from RHIC to LHC}},
	Volume = {B43},
	Year = {2012},
	Bdsk-Url-1 = {http://dx.doi.org/10.5506/APhysPolB.43.689}}

@article{Muller:2012zq,
	Archiveprefix = {arXiv},
	Author = {Muller, Berndt and Schukraft, Jurgen and Wyslouch, Boleslaw},
	Doi = {10.1146/annurev-nucl-102711-094910},
	Eprint = {1202.3233},
	Journal = {Ann.Rev.Nucl.Part.Sci.},
	Pages = {361-386},
	Primaryclass = {hep-ex},
	Reportnumber = {CERN-OPEN-2012-005},
	Slaccitation = {%%CITATION = ARXIV:1202.3233;%%},
	Title = {{First Results from Pb+Pb collisions at the LHC}},
	Volume = {62},
	Year = {2012},
	Bdsk-Url-1 = {http://dx.doi.org/10.1146/annurev-nucl-102711-094910}}

@article{Adare:2013esx,
	Archiveprefix = {arXiv},
	Author = {Adare, A. and others},
	Collaboration = {PHENIX},
	Doi = {10.1103/PhysRevC.88.024906},
	Eprint = {1304.3410},
	Journal = {Phys.Rev.},
	Number = {2},
	Pages = {024906},
	Primaryclass = {nucl-ex},
	Slaccitation = {%%CITATION = ARXIV:1304.3410;%%},
	Title = {{Spectra and ratios of identified particles in Au+Au and $d$+Au collisions at $\sqrt{s_{NN}}=200$ GeV}},
	Volume = {C88},
	Year = {2013},
	Bdsk-Url-1 = {http://dx.doi.org/10.1103/PhysRevC.88.024906}}

@article{Abelev:2008ab,
	Archiveprefix = {arXiv},
	Author = {Abelev, B.I. and others},
	Collaboration = {STAR},
	Doi = {10.1103/PhysRevC.79.034909},
	Eprint = {0808.2041},
	Journal = {Phys.Rev.},
	Pages = {034909},
	Primaryclass = {nucl-ex},
	Slaccitation = {%%CITATION = ARXIV:0808.2041;%%},
	Title = {{Systematic Measurements of Identified Particle Spectra in $p p, d^+$ Au and Au+Au Collisions from STAR}},
	Volume = {C79},
	Year = {2009},
	Bdsk-Url-1 = {http://dx.doi.org/10.1103/PhysRevC.79.034909}}

@article{Agakishiev:2011ar,
	Archiveprefix = {arXiv},
	Author = {Agakishiev, G. and others},
	Collaboration = {STAR},
	Doi = {10.1103/PhysRevLett.108.072301},
	Eprint = {1107.2955},
	Journal = {Phys.Rev.Lett.},
	Pages = {072301},
	Primaryclass = {nucl-ex},
	Slaccitation = {%%CITATION = ARXIV:1107.2955;%%},
	Title = {{Strangeness Enhancement in Cu+Cu and Au+Au Collisions at $\sqrt{s_{NN}} = 200$ GeV}},
	Volume = {108},
	Year = {2012},
	Bdsk-Url-1 = {http://dx.doi.org/10.1103/PhysRevLett.108.072301}}

@article{Aggarwal:2010ig,
	Archiveprefix = {arXiv},
	Author = {Aggarwal, M.M. and others},
	Collaboration = {STAR},
	Doi = {10.1103/PhysRevC.83.024901},
	Eprint = {1010.0142},
	Journal = {Phys.Rev.},
	Pages = {024901},
	Primaryclass = {nucl-ex},
	Slaccitation = {%%CITATION = ARXIV:1010.0142;%%},
	Title = {{Strange and Multi-strange Particle Production in Au+Au Collisions at $\sqrt{s_{NN}}$ = 62.4 GeV}},
	Volume = {C83},
	Year = {2011},
	Bdsk-Url-1 = {http://dx.doi.org/10.1103/PhysRevC.83.024901}}

@article{Adler:2003cb,
	Archiveprefix = {arXiv},
	Author = {Adler, S.S. and others},
	Collaboration = {PHENIX},
	Doi = {10.1103/PhysRevC.69.034909},
	Eprint = {nucl-ex/0307022},
	Journal = {Phys.Rev.},
	Pages = {034909},
	Primaryclass = {nucl-ex},
	Slaccitation = {%%CITATION = NUCL-EX/0307022;%%},
	Title = {{Identified charged particle spectra and yields in Au+Au collisions at S(NN)**1/2 = 200-GeV}},
	Volume = {C69},
	Year = {2004},
	Bdsk-Url-1 = {http://dx.doi.org/10.1103/PhysRevC.69.034909}}

@article{Arsene:2005mr,
	Archiveprefix = {arXiv},
	Author = {Arsene, I. and others},
	Collaboration = {BRAHMS},
	Doi = {10.1103/PhysRevC.72.014908},
	Eprint = {nucl-ex/0503010},
	Journal = {Phys.Rev.},
	Pages = {014908},
	Primaryclass = {nucl-ex},
	Slaccitation = {%%CITATION = NUCL-EX/0503010;%%},
	Title = {{Centrality dependent particle production at y=0 and y ~ 1 in Au + Au collisions at s(NN)**(1/2) = 200-GeV}},
	Volume = {C72},
	Year = {2005},
	Bdsk-Url-1 = {http://dx.doi.org/10.1103/PhysRevC.72.014908}}

@article{Sollfrank:1997bq,
	Archiveprefix = {arXiv},
	Author = {Sollfrank, J. and Becattini, F. and Redlich, K. and Satz, H.},
	Doi = {10.1016/S0375-9474(98)00395-9},
	Eprint = {nucl-th/9802046},
	Journal = {Nucl.Phys.},
	Pages = {399C-402C},
	Primaryclass = {nucl-th},
	Reportnumber = {BI-TP-98-03, TPR-98-07},
	Slaccitation = {%%CITATION = NUCL-TH/9802046;%%},
	Title = {{Canonical strangeness enhancement}},
	Volume = {A638},
	Year = {1998},
	Bdsk-Url-1 = {http://dx.doi.org/10.1016/S0375-9474(98)00395-9}}

@article{Letessier:2006wn,
	Archiveprefix = {arXiv},
	Author = {Letessier, Jean and Rafelski, Johann},
	Doi = {10.1103/PhysRevC.75.014905},
	Eprint = {nucl-th/0602047},
	Journal = {Phys.Rev.},
	Pages = {014905},
	Primaryclass = {nucl-th},
	Slaccitation = {%%CITATION = NUCL-TH/0602047;%%},
	Title = {{Strangeness chemical equilibration in QGP at RHIC and CERN LHC}},
	Volume = {C75},
	Year = {2007},
	Bdsk-Url-1 = {http://dx.doi.org/10.1103/PhysRevC.75.014905}}

@article{Shuryak:2013ke,
	Archiveprefix = {arXiv},
	Author = {Shuryak, Edward and Zahed, Ismail},
	Doi = {10.1103/PhysRevC.88.044915},
	Eprint = {1301.4470},
	Journal = {Phys.Rev.},
	Number = {4},
	Pages = {044915},
	Primaryclass = {hep-ph},
	Slaccitation = {%%CITATION = ARXIV:1301.4470;%%},
	Title = {{High-multiplicity pp and pA collisions: Hydrodynamics at its edge}},
	Volume = {C88},
	Year = {2013},
	Bdsk-Url-1 = {http://dx.doi.org/10.1103/PhysRevC.88.044915}}

@article{Huovinen:2001cy,
	Archiveprefix = {arXiv},
	Author = {Huovinen, P. and Kolb, P.F. and Heinz, Ulrich W. and Ruuskanen, P.V. and Voloshin, S.A.},
	Doi = {10.1016/S0370-2693(01)00219-2},
	Eprint = {hep-ph/0101136},
	Journal = {Phys.Lett.},
	Pages = {58-64},
	Primaryclass = {hep-ph},
	Slaccitation = {%%CITATION = HEP-PH/0101136;%%},
	Title = {{Radial and elliptic flow at RHIC: Further predictions}},
	Volume = {B503},
	Year = {2001},
	Bdsk-Url-1 = {http://dx.doi.org/10.1016/S0370-2693(01)00219-2}}

@article{Corke:2010yf,
	Archiveprefix = {arXiv},
	Author = {Corke, Richard and Sjostrand, Torbjorn},
	Doi = {10.1007/JHEP03(2011)032},
	Eprint = {1011.1759},
	Journal = {JHEP},
	Pages = {032},
	Primaryclass = {hep-ph},
	Reportnumber = {LU-TP-10-26, MCNET-10-20},
	Slaccitation = {%%CITATION = ARXIV:1011.1759;%%},
	Title = {{Interleaved Parton Showers and Tuning Prospects}},
	Volume = {1103},
	Year = {2011},
	Bdsk-Url-1 = {http://dx.doi.org/10.1007/JHEP03(2011)032}}

@article{Skands:2007zg,
	Archiveprefix = {arXiv},
	Author = {Skands, Peter Z. and Wicke, Daniel},
	Doi = {10.1140/epjc/s10052-007-0352-1},
	Eprint = {hep-ph/0703081},
	Journal = {Eur.Phys.J.},
	Pages = {133-140},
	Primaryclass = {HEP-PH},
	Reportnumber = {FERMILAB-PUB-06-340-T},
	Slaccitation = {%%CITATION = HEP-PH/0703081;%%},
	Title = {{Non-perturbative QCD effects and the top mass at the Tevatron}},
	Volume = {C52},
	Year = {2007},
	Bdsk-Url-1 = {http://dx.doi.org/10.1140/epjc/s10052-007-0352-1}}

@article{Schulz:2011qy,
	Archiveprefix = {arXiv},
	Author = {Schulz, H. and Skands, P.Z.},
	Doi = {10.1140/epjc/s10052-011-1644-z},
	Eprint = {1103.3649},
	Journal = {Eur.Phys.J.},
	Pages = {1644},
	Primaryclass = {hep-ph},
	Reportnumber = {MCNET-11-07, CERN-TH-2011-036, HU-EP-11-13},
	Slaccitation = {%%CITATION = ARXIV:1103.3649;%%},
	Title = {{Energy Scaling of Minimum-Bias Tunes}},
	Volume = {C71},
	Year = {2011},
	Bdsk-Url-1 = {http://dx.doi.org/10.1140/epjc/s10052-011-1644-z}}

@article{Ortiz:2013yxa,
	Archiveprefix = {arXiv},
	Author = {Ortiz Velasquez, Antonio and Christiansen, Peter and Cuautle Flores, Eleazar and Maldonado Cervantes, Ivonne and Pai?, Guy},
	Doi = {10.1103/PhysRevLett.111.042001},
	Eprint = {1303.6326},
	Journal = {Phys.Rev.Lett.},
	Number = {4},
	Pages = {042001},
	Primaryclass = {hep-ph},
	Slaccitation = {%%CITATION = ARXIV:1303.6326;%%},
	Title = {{Color Reconnection and Flowlike Patterns in $pp$ Collisions}},
	Volume = {111},
	Year = {2013},
	Bdsk-Url-1 = {http://dx.doi.org/10.1103/PhysRevLett.111.042001}}

@article{Bozek:2011if,
	Archiveprefix = {arXiv},
	Author = {Bozek, Piotr},
	Doi = {10.1103/PhysRevC.85.014911},
	Eprint = {1112.0915},
	Journal = {Phys.Rev.},
	Pages = {014911},
	Primaryclass = {hep-ph},
	Slaccitation = {%%CITATION = ARXIV:1112.0915;%%},
	Title = {{Collective flow in p-Pb and d-Pd collisions at TeV energies}},
	Volume = {C85},
	Year = {2012},
	Bdsk-Url-1 = {http://dx.doi.org/10.1103/PhysRevC.85.014911}}

@article{Pierog:2013ria,
	Archiveprefix = {arXiv},
	Author = {Pierog, T. and Karpenko, Iu. and Katzy, J.M. and Yatsenko, E. and Werner, K.},
	Eprint = {1306.0121},
	Primaryclass = {hep-ph},
	Reportnumber = {DESY-13-125},
	Slaccitation = {%%CITATION = ARXIV:1306.0121;%%},
	Title = {{EPOS LHC : test of collective hadronization with LHC data}},
	Year = {2013}}

@article{Werner:2012xh,
	Archiveprefix = {arXiv},
	Author = {Werner, K. and Karpenko, Iu. and Bleicher, M. and Pierog, T. and Porteboeuf-Houssais, S.},
	Doi = {10.1103/PhysRevC.85.064907},
	Eprint = {1203.5704},
	Journal = {Phys.Rev.},
	Pages = {064907},
	Primaryclass = {nucl-th},
	Slaccitation = {%%CITATION = ARXIV:1203.5704;%%},
	Title = {{Jets, Bulk Matter, and their Interaction in Heavy Ion Collisions at Several TeV}},
	Volume = {C85},
	Year = {2012},
	Bdsk-Url-1 = {http://dx.doi.org/10.1103/PhysRevC.85.064907}}

@article{Alver:2010ck,
	Archiveprefix = {arXiv},
	Author = {Alver, B. and others},
	Collaboration = {PHOBOS},
	Doi = {10.1103/PhysRevC.83.024913},
	Eprint = {1011.1940},
	Journal = {Phys.Rev.},
	Pages = {024913},
	Primaryclass = {nucl-ex},
	Slaccitation = {%%CITATION = ARXIV:1011.1940;%%},
	Title = {{Phobos results on charged particle multiplicity and pseudorapidity distributions in Au+Au, Cu+Cu, d+Au, and p+p collisions at ultra-relativistic energies}},
	Volume = {C83},
	Year = {2011},
	Bdsk-Url-1 = {http://dx.doi.org/10.1103/PhysRevC.83.024913}}

@article{McLerran:2001sr,
	Archiveprefix = {arXiv},
	Author = {McLerran, Larry D.},
	Doi = {10.1007/3-540-45792-5_8},
	Eprint = {hep-ph/0104285},
	Journal = {Lect.Notes Phys.},
	Pages = {291-334},
	Primaryclass = {hep-ph},
	Slaccitation = {%%CITATION = HEP-PH/0104285;%%},
	Title = {{The Color glass condensate and small x physics: Four lectures}},
	Volume = {583},
	Year = {2002},
	Bdsk-Url-1 = {http://dx.doi.org/10.1007/3-540-45792-5_8}}

@article{Salgado:2011wc,
	Archiveprefix = {arXiv},
	Author = {Salgado, C.A. and Alvarez-Muniz, J. and Arleo, F. and Armesto, N. and Botje, M. and others},
	Doi = {10.1088/0954-3899/39/1/015010},
	Eprint = {1105.3919},
	Journal = {J.Phys.},
	Pages = {015010},
	Primaryclass = {hep-ph},
	Reportnumber = {CERN-PH-TH-2011-119, LHC-PROJECT-REPORT-1181, FERMILAB-PUB-11-841-T},
	Slaccitation = {%%CITATION = ARXIV:1105.3919;%%},
	Title = {{Proton-Nucleus Collisions at the LHC: Scientific Opportunities and Requirements}},
	Volume = {G39},
	Year = {2012},
	Bdsk-Url-1 = {http://dx.doi.org/10.1088/0954-3899/39/1/015010}}

@article{Accardi:2007in,
	Archiveprefix = {arXiv},
	Author = {Accardi, Alberto},
	Doi = {10.1103/PhysRevC.76.034902},
	Eprint = {0706.3227},
	Journal = {Phys.Rev.},
	Pages = {034902},
	Primaryclass = {nucl-th},
	Slaccitation = {%%CITATION = ARXIV:0706.3227;%%},
	Title = {{Final state interactions and hadron quenching in cold nuclear matter}},
	Volume = {C76},
	Year = {2007},
	Bdsk-Url-1 = {http://dx.doi.org/10.1103/PhysRevC.76.034902}}

@article{Akindinov:2013tea,
	Author = {Akindinov, A. and Alici, A. and Agostinelli, A. and Antonioli, P. and Arcelli, S. and others},
	Doi = {10.1140/epjp/i2013-13044-x},
	Journal = {Eur.Phys.J.Plus},
	Pages = {44},
	Slaccitation = {%%CITATION = EPHJP,128,44;%%},
	Title = {{Performance of the ALICE Time-Of-Flight detector at the LHC}},
	Volume = {128},
	Year = {2013},
	Bdsk-Url-1 = {http://dx.doi.org/10.1140/epjp/i2013-13044-x}}

@article{Alme:2010ke,
	Archiveprefix = {arXiv},
	Author = {Alme, J. and Andres, Y. and Appelshauser, H. and Bablok, S. and Bialas, N. and others},
	Doi = {10.1016/j.nima.2010.04.042},
	Eprint = {1001.1950},
	Journal = {Nucl.Instrum.Meth.},
	Pages = {316-367},
	Primaryclass = {physics.ins-det},
	Slaccitation = {%%CITATION = ARXIV:1001.1950;%%},
	Title = {{The ALICE TPC, a large 3-dimensional tracking device with fast readout for ultra-high multiplicity events}},
	Volume = {A622},
	Year = {2010},
	Bdsk-Url-1 = {http://dx.doi.org/10.1016/j.nima.2010.04.042}}

@article{Beringer:1900zz,
	Author = {Beringer, J. and others},
	Collaboration = {Particle Data Group},
	Doi = {10.1103/PhysRevD.86.010001},
	Journal = {Phys.Rev.},
	Pages = {010001},
	Reportnumber = {SLAC-REPRINT-2014-001},
	Slaccitation = {%%CITATION = PHRVA,D86,010001;%%},
	Title = {{Review of Particle Physics (RPP)}},
	Volume = {D86},
	Year = {2012},
	Bdsk-Url-1 = {http://dx.doi.org/10.1103/PhysRevD.86.010001}}

@article{Alessandro:2006yt,
	Author = {Alessandro, B and others},
	Collaboration = {ALICE Collaboration},
	Date-Added = {2015-01-08 18:42:26 +0000},
	Date-Modified = {2015-01-08 18:42:45 +0000},
	Doi = {10.1088/0954-3899/32/10/001},
	Editor = {Alessandro, B},
	Journal = {J.~Phys.},
	Pages = {1295-2040},
	Slaccitation = {%%CITATION = JPAGA,G32,1295;%%},
	Title = {{ALICE: Physics performance report, volume II}},
	Volume = {G32},
	Year = {2006},
	Bdsk-Url-1 = {http://dx.doi.org/10.1088/0954-3899/32/10/001}}

@article{Aamodt:2008zz,
	Author = {Aamodt, K. and others},
	Collaboration = {ALICE Collaboration},
	Date-Added = {2015-01-08 13:43:19 +0000},
	Date-Modified = {2015-01-08 13:43:19 +0000},
	Doi = {10.1088/1748-0221/3/08/S08002},
	Journal = {JINST},
	Pages = {S08002},
	Slaccitation = {%%CITATION = JINST,3,S08002;%%},
	Title = {{The ALICE experiment at the CERN LHC}},
	Volume = {3},
	Year = {2008},
	Bdsk-Url-1 = {http://dx.doi.org/10.1088/1748-0221/3/08/S08002}}

@article{Evans:2008zzb,
	Author = {Evans, Lyndon and Bryant, Philip},
	Date-Added = {2015-01-08 12:43:47 +0000},
	Date-Modified = {2015-01-08 12:43:47 +0000},
	Doi = {10.1088/1748-0221/3/08/S08001},
	Editor = {Evans, Lyndon},
	Journal = {JINST},
	Pages = {S08001},
	Slaccitation = {%%CITATION = JINST,3,S08001;%%},
	Title = {{LHC Machine}},
	Volume = {3},
	Year = {2008},
	Bdsk-Url-1 = {http://dx.doi.org/10.1088/1748-0221/3/08/S08001}}

@article{Adam:2015ota,
	Archiveprefix = {arXiv},
	Author = {Adam, Jaroslav and others},
	Collaboration = {ALICE},
	Eprint = {1505.00664},
	Primaryclass = {nucl-ex},
	Reportnumber = {CERN-PH-EP-2015-091},
	Slaccitation = {%%CITATION = ARXIV:1505.00664;%%},
	Title = {{Measurement of charm and beauty production at central rapidity versus charged-particle multiplicity in proton-proton collisions at $\mathbf{\sqrt{{\textit s}}}=7$ TeV}},
	Year = {2015}}

@article{Adam:2015rba,
	Archiveprefix = {arXiv},
	Author = {Adam, Jaroslav and others},
	Collaboration = {ALICE},
	Eprint = {1504.07151},
	Primaryclass = {nucl-ex},
	Reportnumber = {CERN-PH-EP-2015-092},
	Slaccitation = {%%CITATION = ARXIV:1504.07151;%%},
	Title = {{Inclusive, prompt and non-prompt J/$\psi$ production at mid-rapidity in Pb-Pb collisions at $\sqrt{s_{\rm NN}}$ = 2.76 TeV}},
	Year = {2015}}

@article{Adam:2015qaa,
	Archiveprefix = {arXiv},
	Author = {Adam, Jaroslav and others},
	Collaboration = {ALICE},
	Eprint = {1504.00024},
	Primaryclass = {nucl-ex},
	Reportnumber = {CERN-PH-EP-2015-068},
	Slaccitation = {%%CITATION = ARXIV:1504.00024;%%},
	Title = {{Measurement of pion, kaon and proton production in proton-proton collisions at $\sqrt{s}=7$ TeV}},
	Year = {2015}}

@article{Adam:2015gsa,
	Archiveprefix = {arXiv},
	Author = {Adam, Jaroslav and others},
	Collaboration = {ALICE},
	Eprint = {1503.09177},
	Primaryclass = {nucl-ex},
	Reportnumber = {CERN-PH-EP-2015-082},
	Slaccitation = {%%CITATION = ARXIV:1503.09177;%%},
	Title = {{Coherent $\rho^0$ photoproduction in ultra-peripheral Pb--Pb collisions at $\mathbf{\sqrt{\textit{s}_{\rm NN}}} = 2.76$ TeV}},
	Year = {2015}}

@article{Adam:2015iga,
	Archiveprefix = {arXiv},
	Author = {Adam, Jaroslav and others},
	Collaboration = {ALICE},
	Eprint = {1503.07179},
	Primaryclass = {nucl-ex},
	Reportnumber = {CERN-PH-EP??????2015-030, CERN-PH-EP-2015-030},
	Slaccitation = {%%CITATION = ARXIV:1503.07179;%%},
	Title = {{Rapidity and transverse-momentum dependence of the inclusive J/$\mathbf{\psi}$ nuclear modification factor in p-Pb collisions at $\mathbf{\sqrt{\textit{s}_{NN}}}=5.02$ TeV}},
	Year = {2015}}

@article{Adam:2015xea,
	Archiveprefix = {arXiv},
	Author = {Adam, Jaroslav and others},
	Collaboration = {ALICE},
	Eprint = {1503.03050},
	Primaryclass = {nucl-ex},
	Reportnumber = {CERN-PH-EP-2015-041},
	Slaccitation = {%%CITATION = ARXIV:1503.03050;%%},
	Title = {{Measurement of dijet $\mathbf{{\textit{k}}_{T}}$ in p-Pb collisions at $\mathbf{\sqrt{{\textit{s}}_{NN}}=5.02}$ TeV}},
	Year = {2015}}

@article{Adam:2015hoa,
	Archiveprefix = {arXiv},
	Author = {Adam, Jaroslav and others},
	Collaboration = {ALICE},
	Date-Modified = {2015-11-08 16:02:21 +0000},
	Eprint = {1503.00681},
	Primaryclass = {nucl-ex},
	Reportnumber = {CERN-PH-EP-2015-040},
	Slaccitation = {%%CITATION = ARXIV:1503.00681;%%},
	Title = {{Measurement of charged jet production cross sections and nuclear modification in p--Pb collisions at $\sqrt{s_{\rm NN}}=5.02$~TeV}},
	Year = {2015}}

@article{Adam:2015ewa,
	Archiveprefix = {arXiv},
	Author = {Adam, Jaroslav and others},
	Collaboration = {ALICE},
	Doi = {10.1016/j.physletb.2015.04.039},
	Eprint = {1502.01689},
	Journal = {Phys.Lett.},
	Pages = {1-14},
	Primaryclass = {nucl-ex},
	Reportnumber = {CERN-PH-EP-2015-023},
	Slaccitation = {%%CITATION = ARXIV:1502.01689;%%},
	Title = {{Measurement of jet suppression in central Pb-Pb collisions at $\sqrt{s_{\rm NN}}$ = 2.76 TeV}},
	Volume = {B746},
	Year = {2015},
	Bdsk-Url-1 = {http://dx.doi.org/10.1016/j.physletb.2015.04.039}}

@article{Adam:2015pya,
	Archiveprefix = {arXiv},
	Author = {Adam, J. and others},
	Collaboration = {ALICE},
	Doi = {10.1103/PhysRevC.91.034906},
	Eprint = {1502.00559},
	Journal = {Phys.Rev.},
	Pages = {034906},
	Primaryclass = {nucl-ex},
	Reportnumber = {CERN-PH-EP-2015-019},
	Slaccitation = {%%CITATION = ARXIV:1502.00559;%%},
	Title = {{Two-pion femtoscopy in p-Pb collisions at $\sqrt{s_{\rm NN}}=5.02$ TeV}},
	Volume = {C91},
	Year = {2015},
	Bdsk-Url-1 = {http://dx.doi.org/10.1103/PhysRevC.91.034906}}

@article{Adam:2015mya,
	Archiveprefix = {arXiv},
	Author = {Adam, Jaroslav and others},
	Collaboration = {ALICE},
	Eprint = {1502.00230},
	Primaryclass = {nucl-ex},
	Reportnumber = {CERN-PH-EP-2015-012},
	Slaccitation = {%%CITATION = ARXIV:1502.00230;%%},
	Title = {{Forward-backward multiplicity correlations in pp collisions at $\sqrt{s}$=0.9, 2.76 and 7 TeV}},
	Year = {2015}}

@article{Adam:2014qja,
	Archiveprefix = {arXiv},
	Author = {Adam, Jaroslav and others},
	Collaboration = {ALICE},
	Eprint = {1412.6828},
	Primaryclass = {nucl-ex},
	Reportnumber = {CERN-PH-EP-2014-281},
	Slaccitation = {%%CITATION = ARXIV:1412.6828;%%},
	Title = {{Centrality dependence of particle production in p-Pb collisions at $\sqrt{s_{\rm NN} }$= 5.02 TeV}},
	Year = {2014}}

@article{ALICE:2014rma,
	Archiveprefix = {arXiv},
	Author = {Abelev, B. and others},
	Collaboration = {ALICE},
	Doi = {10.1140/epjc/s10052-015-3356-2},
	Eprint = {1411.4981},
	Journal = {Eur.Phys.J.},
	Number = {4},
	Pages = {146},
	Primaryclass = {nucl-ex},
	Reportnumber = {CERN-PH-EP-2014-280},
	Slaccitation = {%%CITATION = ARXIV:1411.4981;%%},
	Title = {{Inclusive photon production at forward rapidities in proton-proton collisions at $\sqrt{s}$ = 0.9, 2.76 and 7 TeV}},
	Volume = {C75},
	Year = {2015},
	Bdsk-Url-1 = {http://dx.doi.org/10.1140/epjc/s10052-015-3356-2}}

@article{ALICE:2014dla,
	Archiveprefix = {arXiv},
	Author = {Abelev, Betty Bezverkhny and others},
	Collaboration = {ALICE},
	Eprint = {1411.4969},
	Primaryclass = {nucl-ex},
	Reportnumber = {CERN-PH-EP-2014-254},
	Slaccitation = {%%CITATION = ARXIV:1411.4969;%%},
	Title = {{Charged jet cross sections and properties in proton-proton collisions at $\sqrt{s}$ = 7 TeV}},
	Year = {2014}}

@article{Abelev:2014oea,
	Archiveprefix = {arXiv},
	Author = {Abelev, Betty Bezverkhny and others},
	Collaboration = {ALICE},
	Doi = {10.1016/j.physletb.2014.11.041},
	Eprint = {1410.2234},
	Journal = {Phys.Lett.},
	Pages = {105-117},
	Primaryclass = {nucl-ex},
	Reportnumber = {CERN-PH-EP-2014-196},
	Slaccitation = {%%CITATION = ARXIV:1410.2234;%%},
	Title = {{Production of inclusive $\Upsilon$(1S) and $\Upsilon$(2S) in p-Pb collisions at $\mathbf{\sqrt{s_{{\rm NN}}} = 5.02}$ TeV}},
	Volume = {B740},
	Year = {2015},
	Bdsk-Url-1 = {http://dx.doi.org/10.1016/j.physletb.2014.11.041}}

@article{Abelev:2014ckr,
	Archiveprefix = {arXiv},
	Author = {Abelev, Betty Bezverkhny and others},
	Collaboration = {ALICE},
	Doi = {10.1140/epjc/s10052-014-3077-y},
	Eprint = {1407.5530},
	Journal = {Eur.Phys.J.},
	Number = {10},
	Pages = {3077},
	Primaryclass = {nucl-ex},
	Reportnumber = {CERN-PH-EP-2014-169},
	Slaccitation = {%%CITATION = ARXIV:1407.5530;%%},
	Title = {{Event-by-event mean ${p}_{\mathbf {T}}$ fluctuations in pp and Pb-Pb collisions at the LHC}},
	Volume = {C74},
	Year = {2014},
	Bdsk-Url-1 = {http://dx.doi.org/10.1140/epjc/s10052-014-3077-y}}

@article{TheALICE:2014dwa,
	Archiveprefix = {arXiv},
	Author = {Abelev, Betty Bezverkhny and others},
	Collaboration = {ALICE},
	Doi = {10.1103/PhysRevLett.113.232504},
	Eprint = {1406.7819},
	Journal = {Phys.Rev.Lett.},
	Number = {23},
	Pages = {232504},
	Primaryclass = {nucl-ex},
	Reportnumber = {CERN-PH-EP-2014-149},
	Slaccitation = {%%CITATION = ARXIV:1406.7819;%%},
	Title = {{Exclusive $\mathrm{J/}\psi$ photoproduction off protons in ultra-peripheral p-Pb collisions at $\sqrt{s_{\rm NN}}=5.02$ TeV}},
	Volume = {113},
	Year = {2014},
	Bdsk-Url-1 = {http://dx.doi.org/10.1103/PhysRevLett.113.232504}}

@article{Abelev:2014mva,
	Archiveprefix = {arXiv},
	Author = {Abelev, Betty Bezverkhny and others},
	Collaboration = {ALICE},
	Doi = {10.1016/j.physletb.2014.11.028},
	Eprint = {1406.5463},
	Journal = {Phys.Lett.},
	Pages = {38-50},
	Primaryclass = {nucl-ex},
	Reportnumber = {CERN-PH-EP-2014-084},
	Slaccitation = {%%CITATION = ARXIV:1406.5463;%%},
	Title = {{Multiplicity dependence of jet-like two-particle correlations in p-Pb collisions at $\sqrt{s_{NN}}$ = 5.02 TeV}},
	Volume = {B741},
	Year = {2015},
	Bdsk-Url-1 = {http://dx.doi.org/10.1016/j.physletb.2014.11.028}}

@article{Abelev:2014qqa,
	Archiveprefix = {arXiv},
	Author = {Abelev, Betty Bezverkhny and others},
	Collaboration = {ALICE},
	Doi = {10.1140/epjc/s10052-014-3191-x},
	Eprint = {1406.3206},
	Journal = {Eur.Phys.J.},
	Number = {1},
	Pages = {1},
	Primaryclass = {nucl-ex},
	Reportnumber = {CERN-PH-EP-2014-128},
	Slaccitation = {%%CITATION = ARXIV:1406.3206;%%},
	Title = {{Production of $\Sigma(1385)^{\pm}$ and $\Xi(1530)^{0}$ in proton-proton collisions at $\sqrt{s}=$ 7 TeV}},
	Volume = {C75},
	Year = {2015},
	Bdsk-Url-1 = {http://dx.doi.org/10.1140/epjc/s10052-014-3191-x}}

@article{Abelev:2014mda,
	Archiveprefix = {arXiv},
	Author = {Abelev, Betty Bezverkhny and others},
	Collaboration = {ALICE},
	Doi = {10.1103/PhysRevC.90.054901},
	Eprint = {1406.2474},
	Journal = {Phys.Rev.},
	Number = {5},
	Pages = {054901},
	Primaryclass = {nucl-ex},
	Reportnumber = {CERN-PH-EP-2014-105},
	Slaccitation = {%%CITATION = ARXIV:1406.2474;%%},
	Title = {{Multiparticle azimuthal correlations in p -Pb and Pb-Pb collisions at the CERN Large Hadron Collider}},
	Volume = {C90},
	Year = {2014},
	Bdsk-Url-1 = {http://dx.doi.org/10.1103/PhysRevC.90.054901}}

@article{Abelev:2014pua,
	Archiveprefix = {arXiv},
	Author = {Abelev, Betty Bezverkhny and others},
	Collaboration = {ALICE},
	Eprint = {1405.4632},
	Primaryclass = {nucl-ex},
	Reportnumber = {CERN-PH-EP-2014-104},
	Slaccitation = {%%CITATION = ARXIV:1405.4632;%%},
	Title = {{Elliptic flow of identified hadrons in Pb-Pb collisions at $\sqrt{s_{\rm{NN}}}$ = 2.76 TeV}},
	Year = {2014}}

@article{Abelev:2014nua,
	Archiveprefix = {arXiv},
	Author = {Abelev, Betty Bezverkhny and others},
	Collaboration = {ALICE},
	Doi = {10.1016/j.physletb.2014.10.001},
	Eprint = {1405.4493},
	Journal = {Phys.Lett.},
	Pages = {361-372},
	Primaryclass = {nucl-ex},
	Reportnumber = {CERN-PH-EP-2014-103},
	Slaccitation = {%%CITATION = ARXIV:1405.4493;%%},
	Title = {{Suppression of $\Upsilon (1S)$ at forward rapidity in Pb-Pb collisions at $\sqrt{s_{\rm NN}} = 2.76$ TeV}},
	Volume = {B738},
	Year = {2014},
	Bdsk-Url-1 = {http://dx.doi.org/10.1016/j.physletb.2014.10.001}}

@article{Abelev:2014hla,
	Archiveprefix = {arXiv},
	Author = {Abelev, Betty Bezverkhny and others},
	Collaboration = {ALICE},
	Doi = {10.1016/j.physletb.2014.09.026},
	Eprint = {1405.4144},
	Journal = {Phys.Lett.},
	Pages = {97-108},
	Primaryclass = {nucl-ex},
	Reportnumber = {CERN-PH-EP-2014-089},
	Slaccitation = {%%CITATION = ARXIV:1405.4144;%%},
	Title = {{Beauty production in pp collisions at $\sqrt{s}$ = 2.76 TeV measured via semi-electronic decays}},
	Volume = {B738},
	Year = {2014},
	Bdsk-Url-1 = {http://dx.doi.org/10.1016/j.physletb.2014.09.026}}

@article{Abelev:2014gla,
	Archiveprefix = {arXiv},
	Author = {Abelev, Betty Bezverkhny and others},
	Collaboration = {ALICE},
	Doi = {10.1103/PhysRevD.91.012001},
	Eprint = {1405.4117},
	Journal = {Phys.Rev.},
	Number = {1},
	Pages = {012001},
	Primaryclass = {nucl-ex},
	Reportnumber = {CERN-PH-EP-2014-097},
	Slaccitation = {%%CITATION = ARXIV:1405.4117;%%},
	Title = {{Measurement of electrons from semileptonic heavy-flavor hadron decays in $pp$ collisions at $\sqrt{s} = 2.76$ TeV}},
	Volume = {D91},
	Year = {2015},
	Bdsk-Url-1 = {http://dx.doi.org/10.1103/PhysRevD.91.012001}}

@article{Abelev:2014zpa,
	Archiveprefix = {arXiv},
	Author = {Abelev, Betty Bezverkhny and others},
	Collaboration = {ALICE},
	Doi = {10.1007/JHEP12(2014)073},
	Eprint = {1405.3796},
	Journal = {JHEP},
	Pages = {073},
	Primaryclass = {nucl-ex},
	Reportnumber = {CERN-PH-EP-2014-092},
	Slaccitation = {%%CITATION = ARXIV:1405.3796;%%},
	Title = {{Suppression of $\psi$(2S) production in p-Pb collisions at $\sqrt{s_{NN}}$ = 5.02 TeV}},
	Volume = {1412},
	Year = {2014},
	Bdsk-Url-1 = {http://dx.doi.org/10.1007/JHEP12(2014)073}}

@article{Abelev:2014ypa,
	Archiveprefix = {arXiv},
	Author = {Abelev, Betty Bezverkhny and others},
	Collaboration = {ALICE},
	Doi = {10.1140/epjc/s10052-014-3108-8},
	Eprint = {1405.3794},
	Journal = {Eur.Phys.J.},
	Number = {10},
	Pages = {3108},
	Primaryclass = {nucl-ex},
	Reportnumber = {CERN-PH-EP-2014-091},
	Slaccitation = {%%CITATION = ARXIV:1405.3794;%%},
	Title = {{Neutral pion production at midrapidity in pp and Pb-Pb collisions at $\sqrt{s_{{\mathrm {NN}}}}= 2.76\,{\mathrm {TeV}}$}},
	Volume = {C74},
	Year = {2014},
	Bdsk-Url-1 = {http://dx.doi.org/10.1140/epjc/s10052-014-3108-8}}

@article{Abelev:2014hha,
	Archiveprefix = {arXiv},
	Author = {Abelev, Betty Bezverkhny and others},
	Collaboration = {ALICE},
	Doi = {10.1103/PhysRevLett.113.232301},
	Eprint = {1405.3452},
	Journal = {Phys.Rev.Lett.},
	Number = {23},
	Pages = {232301},
	Primaryclass = {nucl-ex},
	Reportnumber = {CERN-PH-EP-2014-090, CERN-PH-EP-2014-90},
	Slaccitation = {%%CITATION = ARXIV:1405.3452;%%},
	Title = {{Measurement of prompt $D$-meson production in $p-Pb$ collisions at $\sqrt{s_{NN}}$ = 5.02 TeV}},
	Volume = {113},
	Year = {2014},
	Bdsk-Url-1 = {http://dx.doi.org/10.1103/PhysRevLett.113.232301}}

@article{Abelev:2014dsa,
	Archiveprefix = {arXiv},
	Author = {Abelev, Betty Bezverkhny and others},
	Collaboration = {ALICE},
	Doi = {10.1140/epjc/s10052-014-3054-5},
	Eprint = {1405.2737},
	Journal = {Eur.Phys.J.},
	Number = {9},
	Pages = {3054},
	Primaryclass = {nucl-ex},
	Reportnumber = {CERN-PH-EP-2014-088},
	Slaccitation = {%%CITATION = ARXIV:1405.2737;%%},
	Title = {{Transverse momentum dependence of inclusive primary charged-particle production in p-Pb collisions at $\sqrt{s_\mathrm{{NN}}}=5.02~\text {TeV}$}},
	Volume = {C74},
	Year = {2014},
	Bdsk-Url-1 = {http://dx.doi.org/10.1140/epjc/s10052-014-3054-5}}

@article{Abelev:2014ipa,
	Archiveprefix = {arXiv},
	Author = {Abelev, Betty Bezverkhny and others},
	Collaboration = {ALICE},
	Doi = {10.1103/PhysRevC.90.034904},
	Eprint = {1405.2001},
	Journal = {Phys.Rev.},
	Number = {3},
	Pages = {034904},
	Primaryclass = {nucl-ex},
	Reportnumber = {CERN-PH-EP-2014-083},
	Slaccitation = {%%CITATION = ARXIV:1405.2001;%%},
	Title = {{Azimuthal anisotropy of D meson production in Pb-Pb collisions at $\sqrt{s_{\rm NN}} = 2.76$ TeV}},
	Volume = {C90},
	Year = {2014},
	Bdsk-Url-1 = {http://dx.doi.org/10.1103/PhysRevC.90.034904}}

@article{Abelev:2014epa,
	Archiveprefix = {arXiv},
	Author = {Abelev, Betty Bezverkhny and others},
	Collaboration = {ALICE},
	Doi = {10.1088/1748-0221/9/11/P11003},
	Eprint = {1405.1849},
	Journal = {JINST},
	Number = {11},
	Pages = {P11003},
	Primaryclass = {nucl-ex},
	Reportnumber = {CERN-PH-EP-2014-087},
	Slaccitation = {%%CITATION = ARXIV:1405.1849;%%},
	Title = {{Measurement of visible cross sections in proton-lead collisions at $\sqrt{s_{\rm NN}}$ = 5.02 TeV in van der Meer scans with the ALICE detector}},
	Volume = {9},
	Year = {2014},
	Bdsk-Url-1 = {http://dx.doi.org/10.1088/1748-0221/9/11/P11003}}

@article{Abelev:2014pja,
	Archiveprefix = {arXiv},
	Author = {Abelev, Betty Bezverkhny and others},
	Collaboration = {ALICE},
	Doi = {10.1016/j.physletb.2014.10.034},
	Eprint = {1404.1194},
	Journal = {Phys.Lett.},
	Pages = {139-151},
	Primaryclass = {nucl-ex},
	Reportnumber = {CERN-PH-EP-2014-062},
	Slaccitation = {%%CITATION = ARXIV:1404.1194;%%},
	Title = {{Freeze-out radii extracted from three-pion cumulants in pp, p?Pb and Pb?Pb collisions at the LHC}},
	Volume = {B739},
	Year = {2014},
	Bdsk-Url-1 = {http://dx.doi.org/10.1016/j.physletb.2014.10.034}}

@article{Abelev:2014uua,
	Archiveprefix = {arXiv},
	Author = {Abelev, Betty Bezverkhny and others},
	Collaboration = {ALICE},
	Doi = {10.1103/PhysRevC.91.024609},
	Eprint = {1404.0495},
	Journal = {Phys.Rev.},
	Number = {2},
	Pages = {024609},
	Primaryclass = {nucl-ex},
	Reportnumber = {CERN-PH-EP-2014-060},
	Slaccitation = {%%CITATION = ARXIV:1404.0495;%%},
	Title = {{$K^*(892)^0$ and $?(1020)$ production in Pb-Pb collisions at $\sqrt{s_{NN}}$=2.76 TeV}},
	Volume = {C91},
	Year = {2015},
	Bdsk-Url-1 = {http://dx.doi.org/10.1103/PhysRevC.91.024609}}

@article{Abelev:2014qha,
	Archiveprefix = {arXiv},
	Author = {Abelev, Betty Bezverkhny and others},
	Collaboration = {ALICE},
	Doi = {10.1140/epjc/s10052-014-2974-4},
	Eprint = {1403.3648},
	Journal = {Eur.Phys.J.},
	Number = {8},
	Pages = {2974},
	Primaryclass = {nucl-ex},
	Reportnumber = {CERN-PH-EP-2014-042},
	Slaccitation = {%%CITATION = ARXIV:1403.3648;%%},
	Title = {{Measurement of quarkonium production at forward rapidity in $pp$ collisions at $\sqrt{s} = 7$ TeV}},
	Volume = {C74},
	Year = {2014},
	Bdsk-Url-1 = {http://dx.doi.org/10.1140/epjc/s10052-014-2974-4}}

@article{Abelev:2014ffa,
	Archiveprefix = {arXiv},
	Author = {Abelev, Betty Bezverkhny and others},
	Collaboration = {ALICE},
	Doi = {10.1142/S0217751X14300440},
	Eprint = {1402.4476},
	Journal = {Int.J.Mod.Phys.},
	Pages = {1430044},
	Primaryclass = {nucl-ex},
	Reportnumber = {CERN-PH-EP-2014-031},
	Slaccitation = {%%CITATION = ARXIV:1402.4476;%%},
	Title = {{Performance of the ALICE Experiment at the CERN LHC}},
	Volume = {A29},
	Year = {2014},
	Bdsk-Url-1 = {http://dx.doi.org/10.1142/S0217751X14300440}}

@article{Abelev:2014laa,
	Archiveprefix = {arXiv},
	Author = {Abelev, Betty Bezverkhny and others},
	Collaboration = {ALICE},
	Doi = {10.1016/j.physletb.2014.07.011},
	Eprint = {1401.1250},
	Journal = {Phys.Lett.},
	Pages = {196-207},
	Primaryclass = {nucl-ex},
	Reportnumber = {CERN-PH-EP-2013-230},
	Slaccitation = {%%CITATION = ARXIV:1401.1250;%%},
	Title = {{Production of charged pions, kaons and protons at large transverse momenta in pp and Pb?Pb collisions at $\sqrt{s_{\rm NN}}$ =2.76 TeV}},
	Volume = {B736},
	Year = {2014},
	Bdsk-Url-1 = {http://dx.doi.org/10.1016/j.physletb.2014.07.011}}

@article{Abelev:2013kqa,
	Archiveprefix = {arXiv},
	Author = {Abelev, B. and others},
	Collaboration = {ALICE},
	Date-Modified = {2015-11-08 20:46:31 +0000},
	Doi = {10.1007/JHEP03(2014)013},
	Eprint = {1311.0633},
	Journal = {JHEP},
	Pages = {013},
	Primaryclass = {nucl-ex},
	Reportnumber = {CERN-PH-EP-2013-205},
	Slaccitation = {%%CITATION = ARXIV:1311.0633;%%},
	Title = {{Measurement of charged jet suppression in Pb--Pb collisions at $\sqrt{s_{\rm NN}}=2.76$~TeV}},
	Volume = {1403},
	Year = {2014},
	Bdsk-Url-1 = {http://dx.doi.org/10.1007/JHEP03(2014)013}}

@article{Abelev:2013ila,
	Archiveprefix = {arXiv},
	Author = {Abelev, Betty Bezverkhny and others},
	Collaboration = {ALICE},
	Doi = {10.1016/j.physletb.2014.05.064},
	Eprint = {1311.0214},
	Journal = {Phys.Lett.},
	Pages = {314-327},
	Primaryclass = {nucl-ex},
	Reportnumber = {CERN-PH-EP-2013-203},
	Slaccitation = {%%CITATION = ARXIV:1311.0214;%%},
	Title = {{Centrality, rapidity and transverse momentum dependence of $J/\psi$ suppression in Pb-Pb collisions at $\sqrt{s_{\rm NN}}$=2.76 TeV}},
	Volume = {B734},
	Year = {2014},
	Bdsk-Url-1 = {http://dx.doi.org/10.1016/j.physletb.2014.05.064}}

@article{Abelev:2013pqa,
	Archiveprefix = {arXiv},
	Author = {Abelev, Betty Bezverkhny and others},
	Collaboration = {ALICE},
	Doi = {10.1103/PhysRevC.89.024911},
	Eprint = {1310.7808},
	Journal = {Phys.Rev.},
	Number = {2},
	Pages = {024911},
	Primaryclass = {nucl-ex},
	Reportnumber = {CERN-PH-EP-2013-201},
	Slaccitation = {%%CITATION = ARXIV:1310.7808;%%},
	Title = {{Two- and three-pion quantum statistics correlations in Pb-Pb collisions at $\sqrt{{s}_{NN}} =$ 2.76 TeV at the CERN Large Hadron Collider}},
	Volume = {C89},
	Year = {2014},
	Bdsk-Url-1 = {http://dx.doi.org/10.1103/PhysRevC.89.024911}}

@article{Abelev:2013yxa,
	Archiveprefix = {arXiv},
	Author = {Abelev, Betty Bezverkhny and others},
	Collaboration = {ALICE},
	Doi = {10.1007/JHEP02(2014)073},
	Eprint = {1308.6726},
	Journal = {JHEP},
	Pages = {073},
	Primaryclass = {nucl-ex},
	Reportnumber = {CERN-PH-EP-2013-163},
	Slaccitation = {%%CITATION = ARXIV:1308.6726;%%},
	Title = {{$J/\psi$ production and nuclear effects in p-Pb collisions at $\sqrt{s_{NN}}$ = 5.02 TeV}},
	Volume = {1402},
	Year = {2014},
	Bdsk-Url-1 = {http://dx.doi.org/10.1007/JHEP02(2014)073}}

@article{Abelev:2013haa,
	Archiveprefix = {arXiv},
	Author = {Abelev, Betty Bezverkhny and others},
	Collaboration = {ALICE},
	Date-Modified = {2015-11-06 14:38:13 +0000},
	Doi = {10.1016/j.physletb.2013.11.020},
	Eprint = {1307.6796},
	Journal = {Phys.~Lett.},
	Pages = {25-38},
	Primaryclass = {nucl-ex},
	Reportnumber = {CERN-PH-EP-2013-135},
	Slaccitation = {%%CITATION = ARXIV:1307.6796;%%},
	Title = {{Multiplicity Dependence of Pion, Kaon, Proton and Lambda Production in p--Pb Collisions at $\sqrt{s_{\rm NN}}=5.02$~TeV}},
	Volume = {B728},
	Year = {2014},
	Bdsk-Url-1 = {http://dx.doi.org/10.1016/j.physletb.2013.11.020}}

@article{ABELEV:2013zaa,
	Archiveprefix = {arXiv},
	Author = {Abelev, Betty Bezverkhny and others},
	Collaboration = {ALICE},
	Doi = {10.1016/j.physletb.2014.05.052, 10.1016/j.physletb.2013.11.048},
	Eprint = {1307.5543},
	Journal = {Phys.Lett.},
	Pages = {216-227},
	Primaryclass = {nucl-ex},
	Reportnumber = {CERN-PH-EP-2013-134},
	Slaccitation = {%%CITATION = ARXIV:1307.5543;%%},
	Title = {{Multi-strange baryon production at mid-rapidity in Pb-Pb collisions at $\sqrt{s_{NN}}$ = 2.76 TeV}},
	Volume = {B728},
	Year = {2014},
	Bdsk-Url-1 = {http://dx.doi.org/10.1016/j.physletb.2014.05.052,%2010.1016/j.physletb.2013.11.048}}

@article{Abelev:2013xaa,
	Archiveprefix = {arXiv},
	Author = {Abelev, Betty Bezverkhny and others},
	Collaboration = {ALICE},
	Date-Modified = {2015-11-05 17:21:43 +0000},
	Doi = {10.1103/PhysRevLett.111.222301},
	Eprint = {1307.5530},
	Journal = {Phys.~Rev.~Lett.},
	Pages = {222301},
	Primaryclass = {nucl-ex},
	Reportnumber = {CERN-PH-EP-2013-132},
	Slaccitation = {%%CITATION = ARXIV:1307.5530;%%},
	Title = {{${\rm K}^{0}_{\rm S}$ and $\Lambda$ production in Pb--Pb collisions at $\sqrt{s_{\rm NN}}=2.76$~TeV}},
	Volume = {111},
	Year = {2013},
	Bdsk-Url-1 = {http://dx.doi.org/10.1103/PhysRevLett.111.222301}}

@article{ABELEV:2013wsa,
	Archiveprefix = {arXiv},
	Author = {Abelev, Betty Bezverkhny and others},
	Collaboration = {ALICE},
	Doi = {10.1016/j.physletb.2013.08.024},
	Eprint = {1307.3237},
	Journal = {Phys.Lett.},
	Pages = {164-177},
	Primaryclass = {nucl-ex},
	Reportnumber = {CERN-PH-EP-2013-115},
	Slaccitation = {%%CITATION = ARXIV:1307.3237;%%},
	Title = {{Long-range angular correlations of $\rm \pi$, K and p in p-Pb collisions at $\sqrt{s_{\rm NN}}$ = 5.02 TeV}},
	Volume = {B726},
	Year = {2013},
	Bdsk-Url-1 = {http://dx.doi.org/10.1016/j.physletb.2013.08.024}}

@article{Abelev:2013sqa,
	Archiveprefix = {arXiv},
	Author = {Abelev, Betty and others},
	Collaboration = {ALICE},
	Doi = {10.1007/JHEP09(2013)049},
	Eprint = {1307.1249},
	Journal = {JHEP},
	Pages = {049},
	Primaryclass = {nucl-ex},
	Reportnumber = {CERN-PH-EP-2013-107},
	Slaccitation = {%%CITATION = ARXIV:1307.1249;%%},
	Title = {{Multiplicity dependence of two-particle azimuthal correlations in pp collisions at the LHC}},
	Volume = {1309},
	Year = {2013},
	Bdsk-Url-1 = {http://dx.doi.org/10.1007/JHEP09(2013)049}}

@article{Abelev:2013ala,
	Archiveprefix = {arXiv},
	Author = {Abelev, Betty Bezverkhny and others},
	Collaboration = {ALICE},
	Doi = {10.1140/epjc/s10052-013-2662-9},
	Eprint = {1307.1093},
	Journal = {Eur.Phys.J.},
	Number = {12},
	Pages = {2662},
	Primaryclass = {nucl-ex},
	Reportnumber = {CERN-PH-EP-2013-109},
	Slaccitation = {%%CITATION = ARXIV:1307.1093;%%},
	Title = {{Energy Dependence of the Transverse Momentum Distributions of Charged Particles in pp Collisions Measured by ALICE}},
	Volume = {C73},
	Year = {2013},
	Bdsk-Url-1 = {http://dx.doi.org/10.1140/epjc/s10052-013-2662-9}}

@article{Abelev:2013bla,
	Archiveprefix = {arXiv},
	Author = {Abelev, Betty Bezverkhny and others},
	Collaboration = {ALICE},
	Doi = {10.1016/j.physletb.2013.10.054},
	Eprint = {1307.1094},
	Journal = {Phys.Lett.},
	Pages = {371-380},
	Primaryclass = {nucl-ex},
	Reportnumber = {CERN-PH-EP-2013-111},
	Slaccitation = {%%CITATION = ARXIV:1307.1094;%%},
	Title = {{Multiplicity dependence of the average transverse momentum in pp, p-Pb, and Pb-Pb collisions at the LHC}},
	Volume = {B727},
	Year = {2013},
	Bdsk-Url-1 = {http://dx.doi.org/10.1016/j.physletb.2013.10.054}}

@article{Abelev:2013cva,
	Archiveprefix = {arXiv},
	Author = {Abelev, Betty and others},
	Collaboration = {ALICE},
	Doi = {10.1103/PhysRevLett.111.232302},
	Eprint = {1306.4145},
	Journal = {Phys.Rev.Lett.},
	Number = {23},
	Pages = {232302},
	Primaryclass = {nucl-ex},
	Reportnumber = {CERN-PH-EP-2013-100},
	Slaccitation = {%%CITATION = ARXIV:1306.4145;%%},
	Title = {{Directed Flow of Charged Particles at Midrapidity Relative to the Spectator Plane in Pb-Pb Collisions at $\sqrt{s_{NN}}$=2.76 TeV}},
	Volume = {111},
	Year = {2013},
	Bdsk-Url-1 = {http://dx.doi.org/10.1103/PhysRevLett.111.232302}}

@article{Abbas:2013taa,
	Archiveprefix = {arXiv},
	Author = {Abbas, E. and others},
	Collaboration = {ALICE},
	Doi = {10.1088/1748-0221/8/10/P10016},
	Eprint = {1306.3130},
	Journal = {JINST},
	Pages = {P10016},
	Primaryclass = {nucl-ex},
	Reportnumber = {CERN-PH-EP-2013-082},
	Slaccitation = {%%CITATION = ARXIV:1306.3130;%%},
	Title = {{Performance of the ALICE VZERO system}},
	Volume = {8},
	Year = {2013},
	Bdsk-Url-1 = {http://dx.doi.org/10.1088/1748-0221/8/10/P10016}}

@article{Abbas:2013oua,
	Archiveprefix = {arXiv},
	Author = {Abbas, E. and others},
	Collaboration = {ALICE},
	Doi = {10.1140/epjc/s10052-013-2617-1},
	Eprint = {1305.1467},
	Journal = {Eur.Phys.J.},
	Number = {11},
	Pages = {2617},
	Primaryclass = {nucl-ex},
	Reportnumber = {CERN-PH-EP-2013-066},
	Slaccitation = {%%CITATION = ARXIV:1305.1467;%%},
	Title = {{Charmonium and $e^+e^-$ pair photoproduction at mid-rapidity in ultra-peripheral Pb-Pb collisions at $\sqrt{s_{\rm NN}}$=2.76 TeV}},
	Volume = {C73},
	Year = {2013},
	Bdsk-Url-1 = {http://dx.doi.org/10.1140/epjc/s10052-013-2617-1}}

@article{Abelev:2013lca,
	Archiveprefix = {arXiv},
	Author = {Abelev, B. and others},
	Collaboration = {ALICE},
	Doi = {10.1103/PhysRevLett.111.102301},
	Eprint = {1305.2707},
	Journal = {Phys.Rev.Lett.},
	Pages = {102301},
	Primaryclass = {nucl-ex},
	Reportnumber = {CERN-PH-EP-2013-085},
	Slaccitation = {%%CITATION = ARXIV:1305.2707;%%},
	Title = {{D meson elliptic flow in non-central Pb-Pb collisions at $\sqrt{s_{\rm NN}}$ = 2.76TeV}},
	Volume = {111},
	Year = {2013},
	Bdsk-Url-1 = {http://dx.doi.org/10.1103/PhysRevLett.111.102301}}

@article{Abbas:2013rua,
	Archiveprefix = {arXiv},
	Author = {Abbas, E. and others},
	Collaboration = {ALICE},
	Doi = {10.1140/epjc/s10052-013-2496-5},
	Eprint = {1305.1562},
	Journal = {Eur.Phys.J.},
	Pages = {2496},
	Primaryclass = {nucl-ex},
	Reportnumber = {CERN-PH-EP-2013-080},
	Slaccitation = {%%CITATION = ARXIV:1305.1562;%%},
	Title = {{Mid-rapidity anti-baryon to baryon ratios in pp collisions at $\sqrt{s}$ = 0.9, 2.76 and 7 TeV measured by ALICE}},
	Volume = {C73},
	Year = {2013},
	Bdsk-Url-1 = {http://dx.doi.org/10.1140/epjc/s10052-013-2496-5}}

@article{Abbas:2013bpa,
	Archiveprefix = {arXiv},
	Author = {Abbas, Ehab and others},
	Collaboration = {ALICE},
	Doi = {10.1016/j.physletb.2013.09.022},
	Eprint = {1304.0347},
	Journal = {Phys.Lett.},
	Pages = {610-622},
	Primaryclass = {nucl-ex},
	Reportnumber = {CERN-PH-EP-2013-045},
	Slaccitation = {%%CITATION = ARXIV:1304.0347;%%},
	Title = {{Centrality dependence of the pseudorapidity density distribution for charged particles in Pb-Pb collisions at $\sqrt{s_{\rm NN}}$ = 2.76 TeV}},
	Volume = {B726},
	Year = {2013},
	Bdsk-Url-1 = {http://dx.doi.org/10.1016/j.physletb.2013.09.022}}

@article{ALICE:2013xna,
	Archiveprefix = {arXiv},
	Author = {Abbas, Ehab and others},
	Collaboration = {ALICE},
	Doi = {10.1103/PhysRevLett.111.162301},
	Eprint = {1303.5880},
	Journal = {Phys.Rev.Lett.},
	Pages = {162301},
	Primaryclass = {nucl-ex},
	Reportnumber = {CERN-PH-EP-2013-042},
	Slaccitation = {%%CITATION = ARXIV:1303.5880;%%},
	Title = {{J/Psi Elliptic Flow in Pb-Pb Collisions at $\sqrt{s_{\rm NN}}$ = 2.76 TeV}},
	Volume = {111},
	Year = {2013},
	Bdsk-Url-1 = {http://dx.doi.org/10.1103/PhysRevLett.111.162301}}

@article{Abelev:2013vea,
	Archiveprefix = {arXiv},
	Author = {Abelev, Betty and others},
	Collaboration = {ALICE},
	Doi = {10.1103/PhysRevC.88.044910},
	Eprint = {1303.0737},
	Journal = {Phys.Rev.},
	Pages = {044910},
	Primaryclass = {hep-ex},
	Reportnumber = {CERN-PH-EP-2013-019},
	Slaccitation = {%%CITATION = ARXIV:1303.0737;%%},
	Title = {{Centrality dependence of $\pi$, K, p production in Pb-Pb collisions at $\sqrt{s_{NN}}$ = 2.76 TeV}},
	Volume = {C88},
	Year = {2013},
	Bdsk-Url-1 = {http://dx.doi.org/10.1103/PhysRevC.88.044910}}

@article{Abelev:2013qoq,
	Archiveprefix = {arXiv},
	Author = {Abelev, Betty and others},
	Collaboration = {ALICE},
	Doi = {10.1103/PhysRevC.88.044909},
	Eprint = {1301.4361},
	Journal = {Phys.Rev.},
	Number = {4},
	Pages = {044909},
	Primaryclass = {nucl-ex},
	Reportnumber = {CERN-PH-EP-2012-368},
	Slaccitation = {%%CITATION = ARXIV:1301.4361;%%},
	Title = {{Centrality determination of Pb-Pb collisions at $\sqrt{s_{NN}}$ = 2.76 TeV with ALICE}},
	Volume = {C88},
	Year = {2013},
	Bdsk-Url-1 = {http://dx.doi.org/10.1103/PhysRevC.88.044909}}

@article{Abelev:2013csa,
	Archiveprefix = {arXiv},
	Author = {Abelev, Betty and others},
	Collaboration = {ALICE},
	Doi = {10.1016/j.physletb.2013.05.039},
	Eprint = {1301.3756},
	Journal = {Phys.Lett.},
	Pages = {267-279},
	Primaryclass = {nucl-ex},
	Reportnumber = {CERN-PH-EP-2012-371},
	Slaccitation = {%%CITATION = ARXIV:1301.3756;%%},
	Title = {{Charge correlations using the balance function in Pb-Pb collisions at $\sqrt{s_{NN}}$ = 2.76 TeV}},
	Volume = {B723},
	Year = {2013},
	Bdsk-Url-1 = {http://dx.doi.org/10.1016/j.physletb.2013.05.039}}

@article{Abelev:2013fn,
	Archiveprefix = {arXiv},
	Author = {Abelev, B. and others},
	Collaboration = {ALICE},
	Doi = {10.1016/j.physletb.2013.04.026},
	Eprint = {1301.3475},
	Journal = {Phys.Lett.},
	Pages = {262-272},
	Primaryclass = {nucl-ex},
	Reportnumber = {CERN-PH-EP-2012-301},
	Slaccitation = {%%CITATION = ARXIV:1301.3475;%%},
	Title = {{Measurement of the inclusive differential jet cross section in $pp$ collisions at $\sqrt{s} = 2.76$ TeV}},
	Volume = {B722},
	Year = {2013},
	Bdsk-Url-1 = {http://dx.doi.org/10.1016/j.physletb.2013.04.026}}

@article{Abelev:2012sq,
	Archiveprefix = {arXiv},
	Author = {Abelev, B. and others},
	Collaboration = {ALICE},
	Doi = {10.1103/PhysRevD.87.052016},
	Eprint = {1212.5958},
	Journal = {Phys.Rev.},
	Number = {5},
	Pages = {052016},
	Primaryclass = {hep-ex},
	Slaccitation = {%%CITATION = ARXIV:1212.5958;%%},
	Title = {{Charged kaon femtoscopic correlations in $pp$ collisions at $\sqrt{s}=7$ TeV}},
	Volume = {D87},
	Year = {2013},
	Bdsk-Url-1 = {http://dx.doi.org/10.1103/PhysRevD.87.052016}}

@article{Abelev:2012ola,
	Archiveprefix = {arXiv},
	Author = {Abelev, Betty and others},
	Collaboration = {ALICE},
	Doi = {10.1016/j.physletb.2013.01.012},
	Eprint = {1212.2001},
	Journal = {Phys.Lett.},
	Pages = {29-41},
	Primaryclass = {nucl-ex},
	Reportnumber = {CERN-PH-EP-2012-359},
	Slaccitation = {%%CITATION = ARXIV:1212.2001;%%},
	Title = {{Long-range angular correlations on the near and away side in $p$-Pb collisions at $\sqrt{s_{NN}}=5.02$ TeV}},
	Volume = {B719},
	Year = {2013},
	Bdsk-Url-1 = {http://dx.doi.org/10.1016/j.physletb.2013.01.012}}

@article{ALICE:2012mj,
	Archiveprefix = {arXiv},
	Author = {Abelev, Betty and others},
	Collaboration = {ALICE},
	Doi = {10.1103/PhysRevLett.110.082302},
	Eprint = {1210.4520},
	Journal = {Phys.Rev.Lett.},
	Number = {8},
	Pages = {082302},
	Primaryclass = {nucl-ex},
	Reportnumber = {CERN-PH-EP-2012-306},
	Slaccitation = {%%CITATION = ARXIV:1210.4520;%%},
	Title = {{Transverse momentum distribution and nuclear modification factor of charged particles in $p$-Pb collisions at $\sqrt{s_{NN}}=5.02$ TeV}},
	Volume = {110},
	Year = {2013},
	Bdsk-Url-1 = {http://dx.doi.org/10.1103/PhysRevLett.110.082302}}

@article{ALICE:2012xs,
	Archiveprefix = {arXiv},
	Author = {Abelev, Betty and others},
	Collaboration = {ALICE},
	Doi = {10.1103/PhysRevLett.110.032301},
	Eprint = {1210.3615},
	Journal = {Phys.Rev.Lett.},
	Number = {3},
	Pages = {032301},
	Primaryclass = {nucl-ex},
	Reportnumber = {CERN-PH-EP-2012-307},
	Slaccitation = {%%CITATION = ARXIV:1210.3615;%%},
	Title = {{Pseudorapidity density of charged particles in $p$ + Pb collisions at $\sqrt{s_{NN}}=5.02$ TeV}},
	Volume = {110},
	Year = {2013},
	Bdsk-Url-1 = {http://dx.doi.org/10.1103/PhysRevLett.110.032301}}

@article{Abelev:2012ba,
	Archiveprefix = {arXiv},
	Author = {Abelev, Betty and others},
	Collaboration = {ALICE},
	Doi = {10.1016/j.physletb.2012.11.059},
	Eprint = {1209.3715},
	Journal = {Phys.Lett.},
	Pages = {1273-1283},
	Primaryclass = {nucl-ex},
	Reportnumber = {CERN-PH-EP-2012-270},
	Slaccitation = {%%CITATION = ARXIV:1209.3715;%%},
	Title = {{Coherent $J/\psi$ photoproduction in ultra-peripheral Pb-Pb collisions at $\sqrt{s_{NN}} = 2.76$ TeV}},
	Volume = {B718},
	Year = {2013},
	Bdsk-Url-1 = {http://dx.doi.org/10.1016/j.physletb.2012.11.059}}

@article{Abelev:2012hy,
	Archiveprefix = {arXiv},
	Author = {Abelev, Betty and others},
	Collaboration = {ALICE},
	Doi = {10.1140/epjc/s10052-012-2183-y},
	Eprint = {1208.5717},
	Journal = {Eur.Phys.J.},
	Pages = {2183},
	Primaryclass = {hep-ex},
	Slaccitation = {%%CITATION = ARXIV:1208.5717;%%},
	Title = {{Production of $K^*(892)^0$ and $\phi(1020)$ in $pp$ collisions at $\sqrt{s}=7$ TeV}},
	Volume = {C72},
	Year = {2012},
	Bdsk-Url-1 = {http://dx.doi.org/10.1140/epjc/s10052-012-2183-y}}

@article{Abelev:2012sea,
	Archiveprefix = {arXiv},
	Author = {Abelev, Betty and others},
	Collaboration = {ALICE},
	Doi = {10.1140/epjc/s10052-013-2456-0},
	Eprint = {1208.4968},
	Journal = {Eur.Phys.J.},
	Number = {6},
	Pages = {2456},
	Primaryclass = {hep-ex},
	Reportnumber = {CERN-PH-EP-2012-138, CERN-PH-EP-2012-238},
	Slaccitation = {%%CITATION = ARXIV:1208.4968;%%},
	Title = {{Measurement of inelastic, single- and double-diffraction cross sections in proton--proton collisions at the LHC with ALICE}},
	Volume = {C73},
	Year = {2013},
	Bdsk-Url-1 = {http://dx.doi.org/10.1140/epjc/s10052-013-2456-0}}

@article{Abelev:2012hxa,
	Archiveprefix = {arXiv},
	Author = {Abelev, Betty and others},
	Collaboration = {ALICE},
	Doi = {10.1016/j.physletb.2013.01.051},
	Eprint = {1208.2711},
	Journal = {Phys.Lett.},
	Pages = {52-62},
	Primaryclass = {hep-ex},
	Slaccitation = {%%CITATION = ARXIV:1208.2711;%%},
	Title = {{Centrality Dependence of Charged Particle Production at Large Transverse Momentum in Pb--Pb Collisions at $\sqrt{s_{\rm{NN}}} = 2.76$ TeV}},
	Volume = {B720},
	Year = {2013},
	Bdsk-Url-1 = {http://dx.doi.org/10.1016/j.physletb.2013.01.051}}

@article{Abelev:2012wca,
	Archiveprefix = {arXiv},
	Author = {Abelev, Betty and others},
	Collaboration = {ALICE},
	Doi = {10.1103/PhysRevLett.109.252301},
	Eprint = {1208.1974},
	Journal = {Phys.Rev.Lett.},
	Pages = {252301},
	Primaryclass = {hep-ex},
	Reportnumber = {CERN-PH-EP-2012-230},
	Slaccitation = {%%CITATION = ARXIV:1208.1974;%%},
	Title = {{Pion, Kaon, and Proton Production in Central Pb--Pb Collisions at $\sqrt{s_{NN}} = 2.76$ TeV}},
	Volume = {109},
	Year = {2012},
	Bdsk-Url-1 = {http://dx.doi.org/10.1103/PhysRevLett.109.252301}}

@article{Abelev:2012sca,
	Archiveprefix = {arXiv},
	Author = {Abelev, Betty and others},
	Collaboration = {ALICE},
	Doi = {10.1016/j.physletb.2013.01.069},
	Eprint = {1208.1902},
	Journal = {Phys.Lett.},
	Pages = {13-23},
	Primaryclass = {hep-ex},
	Slaccitation = {%%CITATION = ARXIV:1208.1902;%%},
	Title = {{Measurement of electrons from beauty hadron decays in $pp$ collisions at $\sqrt{s}=7$ TeV}},
	Volume = {B721},
	Year = {2013},
	Bdsk-Url-1 = {http://dx.doi.org/10.1016/j.physletb.2013.01.069}}

@article{Abelev:2012tca,
	Archiveprefix = {arXiv},
	Author = {Abelev, Betty and others},
	Collaboration = {ALICE},
	Doi = {10.1016/j.physletb.2012.10.049},
	Eprint = {1208.1948},
	Journal = {Phys.Lett.},
	Pages = {279-294},
	Primaryclass = {hep-ex},
	Reportnumber = {CERN-PH-EP-2012-227},
	Slaccitation = {%%CITATION = ARXIV:1208.1948;%%},
	Title = {{$D_{s}^+$ meson production at central rapidity in proton--proton collisions at $\sqrt{s}=7$ TeV}},
	Volume = {B718},
	Year = {2012},
	Bdsk-Url-1 = {http://dx.doi.org/10.1016/j.physletb.2012.10.049}}

@article{Abelev:2012pv,
	Archiveprefix = {arXiv},
	Author = {Abelev, Betty and others},
	Collaboration = {ALICE},
	Doi = {10.1103/PhysRevLett.110.152301},
	Eprint = {1207.6068},
	Journal = {Phys.Rev.Lett.},
	Number = {15},
	Pages = {152301},
	Primaryclass = {nucl-ex},
	Slaccitation = {%%CITATION = ARXIV:1207.6068;%%},
	Title = {{Net-Charge Fluctuations in Pb-Pb collisions at $\sqrt{s}_{NN} = 2.76$ TeV}},
	Volume = {110},
	Year = {2013},
	Bdsk-Url-1 = {http://dx.doi.org/10.1103/PhysRevLett.110.152301}}

@article{Abelev:2012pa,
	Archiveprefix = {arXiv},
	Author = {Abelev, Betty and others},
	Collaboration = {ALICE},
	Doi = {10.1103/PhysRevLett.110.012301},
	Eprint = {1207.0900},
	Journal = {Phys.Rev.Lett.},
	Number = {1},
	Pages = {012301},
	Primaryclass = {nucl-ex},
	Reportnumber = {CERN-PH-EP-2012-183},
	Slaccitation = {%%CITATION = ARXIV:1207.0900;%%},
	Title = {{Charge separation relative to the reaction plane in Pb-Pb collisions at $\sqrt{s_{NN}}= 2.76$ TeV}},
	Volume = {110},
	Year = {2013},
	Bdsk-Url-1 = {http://dx.doi.org/10.1103/PhysRevLett.110.012301}}

@article{Abelev:2012ms,
	Archiveprefix = {arXiv},
	Author = {Abelev, Betty and others},
	Collaboration = {ALICE},
	Doi = {10.1016/j.physletb.2012.09.013},
	Eprint = {1206.2056},
	Journal = {Phys.Lett.},
	Pages = {151-161},
	Primaryclass = {hep-ex},
	Reportnumber = {CERN-PH-EP-2012-160},
	Slaccitation = {%%CITATION = ARXIV:1206.2056;%%},
	Title = {{$K^0_s-K^0_s$ correlations in $pp$ collisions at $\sqrt{s}=7$ TeV from the LHC ALICE experiment}},
	Volume = {B717},
	Year = {2012},
	Bdsk-Url-1 = {http://dx.doi.org/10.1016/j.physletb.2012.09.013}}

@article{Abelev:2012qh,
	Archiveprefix = {arXiv},
	Author = {Abelev, Betty and others},
	Collaboration = {ALICE},
	Doi = {10.1103/PhysRevLett.109.112301},
	Eprint = {1205.6443},
	Journal = {Phys.Rev.Lett.},
	Pages = {112301},
	Primaryclass = {hep-ex},
	Reportnumber = {CERN-PH-EP-2012-155},
	Slaccitation = {%%CITATION = ARXIV:1205.6443;%%},
	Title = {{Production of muons from heavy flavour decays at forward rapidity in pp and Pb-Pb collisions at $\sqrt {s_{NN}}$ = 2.76 TeV}},
	Volume = {109},
	Year = {2012},
	Bdsk-Url-1 = {http://dx.doi.org/10.1103/PhysRevLett.109.112301}}

@article{Abelev:2012gx,
	Archiveprefix = {arXiv},
	Author = {Abelev, Betty and others},
	Collaboration = {ALICE},
	Doi = {10.1007/JHEP11(2012)065},
	Eprint = {1205.5880},
	Journal = {JHEP},
	Pages = {065},
	Primaryclass = {hep-ex},
	Reportnumber = {CERN-PH-EP-2012-132},
	Slaccitation = {%%CITATION = ARXIV:1205.5880;%%},
	Title = {{Measurement of prompt $J/\psi$ and beauty hadron production cross sections at mid-rapidity in $pp$ collisions at $\sqrt{s} = 7$ TeV}},
	Volume = {1211},
	Year = {2012},
	Bdsk-Url-1 = {http://dx.doi.org/10.1007/JHEP11(2012)065}}

@article{Abelev:2012di,
	Archiveprefix = {arXiv},
	Author = {Abelev, Betty and others},
	Collaboration = {ALICE},
	Doi = {10.1016/j.physletb.2012.12.066},
	Eprint = {1205.5761},
	Journal = {Phys.Lett.},
	Pages = {18-28},
	Primaryclass = {nucl-ex},
	Reportnumber = {CERN-PH-EP-2012-142},
	Slaccitation = {%%CITATION = ARXIV:1205.5761;%%},
	Title = {{Anisotropic flow of charged hadrons, pions and (anti-)protons measured at high transverse momentum in Pb-Pb collisions at $\sqrt{s_{NN}}$=2.76 TeV}},
	Volume = {B719},
	Year = {2013},
	Bdsk-Url-1 = {http://dx.doi.org/10.1016/j.physletb.2012.12.066}}

@article{Abelev:2012cn,
	Archiveprefix = {arXiv},
	Author = {Abelev, B. and others},
	Collaboration = {ALICE},
	Doi = {10.1016/j.physletb.2012.09.015},
	Eprint = {1205.5724},
	Journal = {Phys.Lett.},
	Pages = {162-172},
	Primaryclass = {hep-ex},
	Reportnumber = {CERN-PH-EP-2012-001},
	Slaccitation = {%%CITATION = ARXIV:1205.5724;%%},
	Title = {{Neutral pion and $\eta$ meson production in proton-proton collisions at $\sqrt{s}=0.9$ TeV and $\sqrt{s}=7$ TeV}},
	Volume = {B717},
	Year = {2012},
	Bdsk-Url-1 = {http://dx.doi.org/10.1016/j.physletb.2012.09.015}}

@article{Abelev:2012xe,
	Archiveprefix = {arXiv},
	Author = {Abelev, Betty and others},
	Collaboration = {ALICE},
	Doi = {10.1103/PhysRevD.86.112007},
	Eprint = {1205.5423},
	Journal = {Phys.Rev.},
	Pages = {112007},
	Primaryclass = {hep-ex},
	Reportnumber = {CERN-PH-EP-2012-131},
	Slaccitation = {%%CITATION = ARXIV:1205.5423;%%},
	Title = {{Measurement of electrons from semileptonic heavy-flavour hadron decays in pp collisions at \sqrt{s} = 7 TeV}},
	Volume = {D86},
	Year = {2012},
	Bdsk-Url-1 = {http://dx.doi.org/10.1103/PhysRevD.86.112007}}

@article{Abelev:2012vra,
	Archiveprefix = {arXiv},
	Author = {Abelev, Betty and others},
	Collaboration = {ALICE},
	Doi = {10.1007/JHEP07(2012)191},
	Eprint = {1205.4007},
	Journal = {JHEP},
	Pages = {191},
	Primaryclass = {hep-ex},
	Slaccitation = {%%CITATION = ARXIV:1205.4007;%%},
	Title = {{Measurement of charm production at central rapidity in proton-proton collisions at $\sqrt{s}=2.76$ TeV}},
	Volume = {1207},
	Year = {2012},
	Bdsk-Url-1 = {http://dx.doi.org/10.1007/JHEP07(2012)191}}

@article{Abelev:2012sk,
	Archiveprefix = {arXiv},
	Author = {Abelev, Betty and others},
	Collaboration = {ALICE},
	Doi = {10.1140/epjc/s10052-012-2124-9},
	Eprint = {1205.3963},
	Journal = {Eur.Phys.J.},
	Pages = {2124},
	Primaryclass = {hep-ex},
	Reportnumber = {CERN-PH-EP-2012-136},
	Slaccitation = {%%CITATION = ARXIV:1205.3963;%%},
	Title = {{Transverse sphericity of primary charged particles in minimum bias proton-proton collisions at $\sqrt{s}=0.9$, 2.76 and 7 TeV}},
	Volume = {C72},
	Year = {2012},
	Bdsk-Url-1 = {http://dx.doi.org/10.1140/epjc/s10052-012-2124-9}}

@article{Abelev:2012jp,
	Archiveprefix = {arXiv},
	Author = {Abelev, Betty and others},
	Collaboration = {ALICE},
	Doi = {10.1016/j.physletb.2012.05.011},
	Eprint = {1204.0282},
	Journal = {Phys.Lett.},
	Pages = {309-318},
	Primaryclass = {nucl-ex},
	Slaccitation = {%%CITATION = ARXIV:1204.0282;%%},
	Title = {{Multi-strange baryon production in $pp$ collisions at $\sqrt{s} = 7$ TeV with {ALICE}}},
	Volume = {B712},
	Year = {2012},
	Bdsk-Url-1 = {http://dx.doi.org/10.1016/j.physletb.2012.05.011}}

@article{Abelev:2012kr,
	Archiveprefix = {arXiv},
	Author = {Abelev, B. and others},
	Collaboration = {ALICE},
	Doi = {10.1016/j.physletb.2012.10.078},
	Eprint = {1203.3641},
	Journal = {Phys.Lett.},
	Pages = {295-306},
	Primaryclass = {hep-ex},
	Reportnumber = {CERN-PH-EP-2012-055},
	Slaccitation = {%%CITATION = ARXIV:1203.3641;%%},
	Title = {{Inclusive $J/\psi$ production in $pp$ collisions at $\sqrt{s} = 2.76$ TeV}},
	Volume = {B718},
	Year = {2012},
	Bdsk-Url-1 = {http://dx.doi.org/10.1016/j.physletb.2012.10.078}}

@article{ALICE:2012aa,
	Archiveprefix = {arXiv},
	Author = {Abelev, Betty and others},
	Collaboration = {ALICE},
	Doi = {10.1103/PhysRevLett.109.252302},
	Eprint = {1203.2436},
	Journal = {Phys.Rev.Lett.},
	Pages = {252302},
	Primaryclass = {nucl-ex},
	Slaccitation = {%%CITATION = ARXIV:1203.2436;%%},
	Title = {{Measurement of the Cross Section for Electromagnetic Dissociation with Neutron Emission in Pb-Pb Collisions at $\sqrt{s_{NN}}$ = 2.76 TeV}},
	Volume = {109},
	Year = {2012},
	Bdsk-Url-1 = {http://dx.doi.org/10.1103/PhysRevLett.109.252302}}

@article{ALICE:2012ab,
	Archiveprefix = {arXiv},
	Author = {Abelev, Betty and others},
	Collaboration = {ALICE},
	Doi = {10.1007/JHEP09(2012)112},
	Eprint = {1203.2160},
	Journal = {JHEP},
	Pages = {112},
	Primaryclass = {nucl-ex},
	Reportnumber = {CERN-PH-EP-2012-069},
	Slaccitation = {%%CITATION = ARXIV:1203.2160;%%},
	Title = {{Suppression of high transverse momentum D mesons in central Pb-Pb collisions at $\sqrt{s_{NN}}=2.76$ TeV}},
	Volume = {1209},
	Year = {2012},
	Bdsk-Url-1 = {http://dx.doi.org/10.1007/JHEP09(2012)112}}

@article{Abelev:2012rz,
	Archiveprefix = {arXiv},
	Author = {Abelev, B. and others},
	Collaboration = {ALICE},
	Doi = {10.1016/j.physletb.2012.04.052},
	Eprint = {1202.2816},
	Journal = {Phys.Lett.},
	Pages = {165-175},
	Primaryclass = {hep-ex},
	Slaccitation = {%%CITATION = ARXIV:1202.2816;%%},
	Title = {{$J/\psi$ Production as a Function of Charged Particle Multiplicity in $pp$ Collisions at $\sqrt{s} = 7$ TeV}},
	Volume = {B712},
	Year = {2012},
	Bdsk-Url-1 = {http://dx.doi.org/10.1016/j.physletb.2012.04.052}}

@article{Abelev:2012rv,
	Archiveprefix = {arXiv},
	Author = {Abelev, Betty and others},
	Collaboration = {ALICE},
	Doi = {10.1103/PhysRevLett.109.072301},
	Eprint = {1202.1383},
	Journal = {Phys.Rev.Lett.},
	Pages = {072301},
	Primaryclass = {hep-ex},
	Reportnumber = {CERN-PH-EP-2012-012},
	Slaccitation = {%%CITATION = ARXIV:1202.1383;%%},
	Title = {{$J/\psi$ suppression at forward rapidity in Pb-Pb collisions at $\sqrt{s_{NN}}=2.76$ TeV}},
	Volume = {109},
	Year = {2012},
	Bdsk-Url-1 = {http://dx.doi.org/10.1103/PhysRevLett.109.072301}}

@article{Abelev:2012pi,
	Archiveprefix = {arXiv},
	Author = {Abelev, Betty and others},
	Collaboration = {ALICE},
	Doi = {10.1016/j.physletb.2012.01.063},
	Eprint = {1201.3791},
	Journal = {Phys.Lett.},
	Pages = {265-275},
	Primaryclass = {hep-ex},
	Reportnumber = {CERN-PH-EP-2011-215},
	Slaccitation = {%%CITATION = ARXIV:1201.3791;%%},
	Title = {{Heavy flavour decay muon production at forward rapidity in proton--proton collisions at $\sqrt{s} = 7$ TeV}},
	Volume = {B708},
	Year = {2012},
	Bdsk-Url-1 = {http://dx.doi.org/10.1016/j.physletb.2012.01.063}}

@article{Abelev:2012ej,
	Archiveprefix = {arXiv},
	Author = {Abelev, Betty and others},
	Collaboration = {ALICE},
	Doi = {10.1007/JHEP03(2012)053},
	Eprint = {1201.2423},
	Journal = {JHEP},
	Pages = {053},
	Primaryclass = {hep-ex},
	Slaccitation = {%%CITATION = ARXIV:1201.2423;%%},
	Title = {{Measurement of Event Background Fluctuations for Charged Particle Jet Reconstruction in Pb-Pb collisions at $\sqrt{s_{NN}} = 2.76$ TeV}},
	Volume = {1203},
	Year = {2012},
	Bdsk-Url-1 = {http://dx.doi.org/10.1007/JHEP03(2012)053}}

@article{ALICE:2011ac,
	Archiveprefix = {arXiv},
	Author = {Abelev, Betty and others},
	Collaboration = {ALICE},
	Date-Modified = {2015-11-08 21:09:59 +0000},
	Doi = {10.1007/JHEP07(2012)116},
	Eprint = {1112.2082},
	Journal = {JHEP},
	Pages = {116},
	Primaryclass = {hep-ex},
	Reportnumber = {CERN-PH-EP-2011-204},
	Slaccitation = {%%CITATION = ARXIV:1112.2082;%%},
	Title = {{Underlying Event measurements in pp collisions at $\sqrt{\rm s}=0.9$ and $7$~TeV with the ALICE experiment at the LHC}},
	Volume = {1207},
	Year = {2012},
	Bdsk-Url-1 = {http://dx.doi.org/10.1007/JHEP07(2012)116}}

@article{ALICE:2011ad,
	Archiveprefix = {arXiv},
	Author = {Abelev, B. and others},
	Collaboration = {ALICE},
	Doi = {10.1016/j.physletb.2012.03.038},
	Eprint = {1112.2222},
	Journal = {Phys.Lett.},
	Pages = {557-568},
	Primaryclass = {nucl-ex},
	Slaccitation = {%%CITATION = ARXIV:1112.2222;%%},
	Title = {{Light vector meson production in $pp$ collisions at $\sqrt{s}=7$ TeV}},
	Volume = {B710},
	Year = {2012},
	Bdsk-Url-1 = {http://dx.doi.org/10.1016/j.physletb.2012.03.038}}

@article{Abelev:2011md,
	Archiveprefix = {arXiv},
	Author = {Abelev, Betty and others},
	Collaboration = {ALICE},
	Doi = {10.1103/PhysRevLett.108.082001},
	Eprint = {1111.1630},
	Journal = {Phys.Rev.Lett.},
	Pages = {082001},
	Primaryclass = {hep-ex},
	Reportnumber = {CERN-PH-EP-2011-182},
	Slaccitation = {%%CITATION = ARXIV:1111.1630;%%},
	Title = {{$J/\psi$ polarization in $pp$ collisions at $\sqrt{s}=7$ TeV}},
	Volume = {108},
	Year = {2012},
	Bdsk-Url-1 = {http://dx.doi.org/10.1103/PhysRevLett.108.082001}}

@article{ALICE:2011aa,
	Archiveprefix = {arXiv},
	Author = {Abelev, B. and others},
	Collaboration = {ALICE},
	Doi = {10.1007/JHEP01(2012)128},
	Eprint = {1111.1553},
	Journal = {JHEP},
	Pages = {128},
	Primaryclass = {hep-ex},
	Reportnumber = {CERN-PH-EP-2011-181},
	Slaccitation = {%%CITATION = ARXIV:1111.1553;%%},
	Title = {{Measurement of charm production at central rapidity in proton-proton collisions at $\sqrt{s} = 7$ TeV}},
	Volume = {1201},
	Year = {2012},
	Bdsk-Url-1 = {http://dx.doi.org/10.1007/JHEP01(2012)128}}

@article{Aamodt:2011vg,
	Archiveprefix = {arXiv},
	Author = {Aamodt, K. and others},
	Collaboration = {ALICE},
	Doi = {10.1103/PhysRevLett.108.092301},
	Eprint = {1110.0121},
	Journal = {Phys.Rev.Lett.},
	Pages = {092301},
	Primaryclass = {nucl-ex},
	Reportnumber = {CERN-PH-EP-2011-161},
	Slaccitation = {%%CITATION = ARXIV:1110.0121;%%},
	Title = {{Particle-yield modification in jet-like azimuthal di-hadron correlations in Pb-Pb collisions at $\sqrt{s_{NN}} = 2.76$ TeV}},
	Volume = {108},
	Year = {2012},
	Bdsk-Url-1 = {http://dx.doi.org/10.1103/PhysRevLett.108.092301}}

@article{Aamodt:2011by,
	Archiveprefix = {arXiv},
	Author = {Aamodt, K. and others},
	Collaboration = {ALICE},
	Doi = {10.1016/j.physletb.2012.01.060},
	Eprint = {1109.2501},
	Journal = {Phys.Lett.},
	Pages = {249-264},
	Primaryclass = {nucl-ex},
	Slaccitation = {%%CITATION = ARXIV:1109.2501;%%},
	Title = {{Harmonic decomposition of two-particle angular correlations in Pb-Pb collisions at $\sqrt{s_{NN}}=2.76$ TeV}},
	Volume = {B708},
	Year = {2012},
	Bdsk-Url-1 = {http://dx.doi.org/10.1016/j.physletb.2012.01.060}}

@article{ALICE:2011ab,
	Archiveprefix = {arXiv},
	Author = {Aamodt, K. and others},
	Collaboration = {ALICE},
	Doi = {10.1103/PhysRevLett.107.032301},
	Eprint = {1105.3865},
	Journal = {Phys.Rev.Lett.},
	Pages = {032301},
	Primaryclass = {nucl-ex},
	Reportnumber = {CERN-PH-EP-2011-073},
	Slaccitation = {%%CITATION = ARXIV:1105.3865;%%},
	Title = {{Higher harmonic anisotropic flow measurements of charged particles in Pb-Pb collisions at $\sqrt{s_{NN}}$=2.76 TeV}},
	Volume = {107},
	Year = {2011},
	Bdsk-Url-1 = {http://dx.doi.org/10.1103/PhysRevLett.107.032301}}

@article{Aamodt:2011gj,
	Archiveprefix = {arXiv},
	Author = {Aamodt, K. and others},
	Collaboration = {ALICE},
	Doi = {10.1016/j.physletb.2011.09.054, 10.1016/j.physletb.2012.10.060},
	Eprint = {1105.0380},
	Journal = {Phys.Lett.},
	Pages = {442-455},
	Primaryclass = {hep-ex},
	Reportnumber = {CERN-PH-EP-2011-057},
	Slaccitation = {%%CITATION = ARXIV:1105.0380;%%},
	Title = {{Rapidity and transverse momentum dependence of inclusive J/psi production in $pp$ collisions at $\sqrt{s} = 7$ TeV}},
	Volume = {B704},
	Year = {2011},
	Bdsk-Url-1 = {http://dx.doi.org/10.1016/j.physletb.2011.09.054,%2010.1016/j.physletb.2012.10.060}}

@article{Aamodt:2011zj,
	Archiveprefix = {arXiv},
	Author = {Aamodt, K. and others},
	Collaboration = {ALICE},
	Doi = {10.1140/epjc/s10052-011-1655-9},
	Eprint = {1101.4110},
	Journal = {Eur.Phys.J.},
	Pages = {1655},
	Primaryclass = {hep-ex},
	Reportnumber = {CERN-PH-EP-2010-085},
	Slaccitation = {%%CITATION = ARXIV:1101.4110;%%},
	Title = {{Production of pions, kaons and protons in $pp$ collisions at $\sqrt{s}= 900$ GeV with ALICE at the LHC}},
	Volume = {C71},
	Year = {2011},
	Bdsk-Url-1 = {http://dx.doi.org/10.1140/epjc/s10052-011-1655-9}}

@article{Aamodt:2011kd,
	Archiveprefix = {arXiv},
	Author = {Aamodt, K. and others},
	Collaboration = {ALICE},
	Doi = {10.1103/PhysRevD.84.112004},
	Eprint = {1101.3665},
	Journal = {Phys.Rev.},
	Pages = {112004},
	Primaryclass = {hep-ex},
	Reportnumber = {CERN-PH-EP-2010-083},
	Slaccitation = {%%CITATION = ARXIV:1101.3665;%%},
	Title = {{Femtoscopy of $pp$ collisions at $\sqrt{s}=0.9$ and 7 TeV at the LHC with two-pion Bose-Einstein correlations}},
	Volume = {D84},
	Year = {2011},
	Bdsk-Url-1 = {http://dx.doi.org/10.1103/PhysRevD.84.112004}}

@article{Aamodt:2011mr,
	Archiveprefix = {arXiv},
	Author = {Aamodt, K. and others},
	Collaboration = {ALICE},
	Doi = {10.1016/j.physletb.2010.12.053},
	Eprint = {1012.4035},
	Journal = {Phys.Lett.},
	Pages = {328-337},
	Primaryclass = {nucl-ex},
	Reportnumber = {CERN-PH-EP-ALICE-2010-006},
	Slaccitation = {%%CITATION = ARXIV:1012.4035;%%},
	Title = {{Two-pion Bose-Einstein correlations in central Pb-Pb collisions at $sqrt(s_{NN})$ = 2.76 TeV}},
	Volume = {B696},
	Year = {2011},
	Bdsk-Url-1 = {http://dx.doi.org/10.1016/j.physletb.2010.12.053}}

@article{Aamodt:2011zza,
	Archiveprefix = {arXiv},
	Author = {Aamodt, K. and others},
	Collaboration = {ALICE},
	Date-Modified = {2015-11-05 16:57:30 +0000},
	Doi = {10.1140/epjc/s10052-011-1594-5},
	Eprint = {1012.3257},
	Journal = {Eur.~Phys.~J.},
	Pages = {1594},
	Primaryclass = {hep-ex},
	Reportnumber = {CERN-PH-EP-2010-065},
	Slaccitation = {%%CITATION = ARXIV:1012.3257;%%},
	Title = {{Strange particle production in proton--proton collisions at $\sqrt{s}=0.9$~TeV with ALICE at the LHC}},
	Volume = {C71},
	Year = {2011},
	Bdsk-Url-1 = {http://dx.doi.org/10.1140/epjc/s10052-011-1594-5}}

@article{Aamodt:2010cz,
	Archiveprefix = {arXiv},
	Author = {Aamodt, Kenneth and others},
	Collaboration = {ALICE},
	Doi = {10.1103/PhysRevLett.106.032301},
	Eprint = {1012.1657},
	Journal = {Phys.Rev.Lett.},
	Pages = {032301},
	Primaryclass = {nucl-ex},
	Slaccitation = {%%CITATION = ARXIV:1012.1657;%%},
	Title = {{Centrality dependence of the charged-particle multiplicity density at mid-rapidity in Pb-Pb collisions at $\sqrt{s_{NN}}=2.76$ TeV}},
	Volume = {106},
	Year = {2011},
	Bdsk-Url-1 = {http://dx.doi.org/10.1103/PhysRevLett.106.032301}}

@article{Aamodt:2010jd,
	Archiveprefix = {arXiv},
	Author = {Aamodt, K. and others},
	Collaboration = {ALICE},
	Doi = {10.1016/j.physletb.2010.12.020},
	Eprint = {1012.1004},
	Journal = {Phys.Lett.},
	Pages = {30-39},
	Primaryclass = {nucl-ex},
	Reportnumber = {CERN-PH-EP-ALICE-2010-004},
	Slaccitation = {%%CITATION = ARXIV:1012.1004;%%},
	Title = {{Suppression of Charged Particle Production at Large Transverse Momentum in Central Pb--Pb Collisions at $\sqrt{s_{NN}} = 2.76$ TeV}},
	Volume = {B696},
	Year = {2011},
	Bdsk-Url-1 = {http://dx.doi.org/10.1016/j.physletb.2010.12.020}}

@article{Aamodt:2010pa,
	Archiveprefix = {arXiv},
	Author = {Aamodt, K and others},
	Collaboration = {ALICE},
	Doi = {10.1103/PhysRevLett.105.252302},
	Eprint = {1011.3914},
	Journal = {Phys.Rev.Lett.},
	Pages = {252302},
	Primaryclass = {nucl-ex},
	Slaccitation = {%%CITATION = ARXIV:1011.3914;%%},
	Title = {{Elliptic flow of charged particles in Pb-Pb collisions at 2.76 TeV}},
	Volume = {105},
	Year = {2010},
	Bdsk-Url-1 = {http://dx.doi.org/10.1103/PhysRevLett.105.252302}}

@article{Aamodt:2010pb,
	Archiveprefix = {arXiv},
	Author = {Aamodt, K and others},
	Collaboration = {ALICE},
	Doi = {10.1103/PhysRevLett.105.252301},
	Eprint = {1011.3916},
	Journal = {Phys.Rev.Lett.},
	Pages = {252301},
	Primaryclass = {nucl-ex},
	Slaccitation = {%%CITATION = ARXIV:1011.3916;%%},
	Title = {{Charged-particle multiplicity density at mid-rapidity in central Pb-Pb collisions at $\sqrt{s_{NN}} = 2.76$ TeV}},
	Volume = {105},
	Year = {2010},
	Bdsk-Url-1 = {http://dx.doi.org/10.1103/PhysRevLett.105.252301}}

@article{Aamodt:2010my,
	Archiveprefix = {arXiv},
	Author = {Aamodt, K and others},
	Collaboration = {ALICE},
	Doi = {10.1016/j.physletb.2010.08.026},
	Eprint = {1007.0719},
	Journal = {Phys.Lett.},
	Pages = {53-68},
	Primaryclass = {hep-ex},
	Slaccitation = {%%CITATION = ARXIV:1007.0719;%%},
	Title = {{Transverse momentum spectra of charged particles in proton-proton collisions at $\sqrt{s} = 900$~GeV with ALICE at the LHC}},
	Volume = {B693},
	Year = {2010},
	Bdsk-Url-1 = {http://dx.doi.org/10.1016/j.physletb.2010.08.026}}

@article{Aamodt:2010dx,
	Archiveprefix = {arXiv},
	Author = {Aamodt, K. and others},
	Collaboration = {ALICE},
	Doi = {10.1103/PhysRevLett.105.072002},
	Eprint = {1006.5432},
	Journal = {Phys.Rev.Lett.},
	Pages = {072002},
	Primaryclass = {hep-ex},
	Slaccitation = {%%CITATION = ARXIV:1006.5432;%%},
	Title = {{Midrapidity antiproton-to-proton ratio in pp collisions at $\sqrt{s} = 0.9$ and $7$~TeV measured by the ALICE experiment}},
	Volume = {105},
	Year = {2010},
	Bdsk-Url-1 = {http://dx.doi.org/10.1103/PhysRevLett.105.072002}}

@article{Aamodt:2010pp,
	Archiveprefix = {arXiv},
	Author = {Aamodt, K. and others},
	Collaboration = {ALICE},
	Doi = {10.1140/epjc/s10052-010-1350-2},
	Eprint = {1004.3514},
	Journal = {Eur.Phys.J.},
	Pages = {345-354},
	Primaryclass = {hep-ex},
	Slaccitation = {%%CITATION = ARXIV:1004.3514;%%},
	Title = {{Charged-particle multiplicity measurement in proton-proton collisions at $\sqrt{s}=7$ TeV with ALICE at LHC}},
	Volume = {C68},
	Year = {2010},
	Bdsk-Url-1 = {http://dx.doi.org/10.1140/epjc/s10052-010-1350-2}}

@article{Aamodt:2010ft,
	Archiveprefix = {arXiv},
	Author = {Aamodt, K. and others},
	Collaboration = {ALICE},
	Doi = {10.1140/epjc/s10052-010-1339-x},
	Eprint = {1004.3034},
	Journal = {Eur.Phys.J.},
	Pages = {89-108},
	Primaryclass = {hep-ex},
	Slaccitation = {%%CITATION = ARXIV:1004.3034;%%},
	Title = {{Charged-particle multiplicity measurement in proton-proton collisions at $\sqrt{s}=0.9$ and 2.36 TeV with ALICE at LHC}},
	Volume = {C68},
	Year = {2010},
	Bdsk-Url-1 = {http://dx.doi.org/10.1140/epjc/s10052-010-1339-x}}

@article{Aamodt:2010aa,
	Archiveprefix = {arXiv},
	Author = {Aamodt, K and others},
	Collaboration = {ALICE},
	Doi = {10.1088/1748-0221/5/03/P03003},
	Eprint = {1001.0502},
	Journal = {JINST},
	Pages = {P03003},
	Primaryclass = {physics.ins-det},
	Slaccitation = {%%CITATION = ARXIV:1001.0502;%%},
	Title = {{Alignment of the ALICE Inner Tracking System with cosmic-ray tracks}},
	Volume = {5},
	Year = {2010},
	Bdsk-Url-1 = {http://dx.doi.org/10.1088/1748-0221/5/03/P03003}}

@article{Aamodt:2009aa,
	Archiveprefix = {arXiv},
	Author = {Aamodt, K and others},
	Collaboration = {ALICE},
	Doi = {10.1140/epjc/s10052-009-1227-4},
	Eprint = {0911.5430},
	Journal = {Eur.Phys.J.},
	Pages = {111-125},
	Primaryclass = {hep-ex},
	Slaccitation = {%%CITATION = ARXIV:0911.5430;%%},
	Title = {{First proton-proton collisions at the LHC as observed with the ALICE detector: Measurement of the charged particle pseudorapidity density at s**(1/2) = 900-GeV}},
	Volume = {C65},
	Year = {2010},
	Bdsk-Url-1 = {http://dx.doi.org/10.1140/epjc/s10052-009-1227-4}}

@article{Khachatryan:2015hha,
	Archiveprefix = {arXiv},
	Author = {Khachatryan, Vardan and others},
	Collaboration = {CMS},
	Eprint = {1503.05825},
	Primaryclass = {nucl-ex},
	Reportnumber = {CMS-HIN-13-007, CERN-PH-EP-2015-054},
	Slaccitation = {%%CITATION = ARXIV:1503.05825;%%},
	Title = {{Study of W boson production in pPb collisions at $\sqrt{s_{\mathrm{NN}}}$ = 5.02 TeV}},
	Year = {2015}}

@article{Khachatryan:2015oea,
	Archiveprefix = {arXiv},
	Author = {Khachatryan, Vardan and others},
	Collaboration = {CMS},
	Eprint = {1503.01692},
	Primaryclass = {nucl-ex},
	Reportnumber = {CMS-HIN-14-012, CERN-PH-EP-2015-039},
	Slaccitation = {%%CITATION = ARXIV:1503.01692;%%},
	Title = {{Evidence for transverse momentum and pseudorapidity dependent event plane fluctuations in PbPb and pPb collisions}},
	Year = {2015}}

@article{Khachatryan:2015waa,
	Archiveprefix = {arXiv},
	Author = {Khachatryan, Vardan and others},
	Collaboration = {CMS},
	Eprint = {1502.05382},
	Primaryclass = {nucl-ex},
	Reportnumber = {CMS-HIN-14-006, CERN-PH-EP-2015-011},
	Slaccitation = {%%CITATION = ARXIV:1502.05382;%%},
	Title = {{Evidence for collective multi-particle correlations in pPb collisions}},
	Year = {2015}}

@article{Khachatryan:2015xaa,
	Archiveprefix = {arXiv},
	Author = {Khachatryan, Vardan and others},
	Collaboration = {CMS},
	Eprint = {1502.05387},
	Primaryclass = {nucl-ex},
	Reportnumber = {CMS-HIN-12-017, CERN-PH-EP-2014-282},
	Slaccitation = {%%CITATION = ARXIV:1502.05387;%%},
	Title = {{Nuclear effects on the transverse momentum spectra of charged particles in pPb collisions at $\sqrt{s_{\mathrm{NN}}}$ = 5.02 TeV}},
	Year = {2015}}

@article{Khachatryan:2014bva,
	Archiveprefix = {arXiv},
	Author = {Khachatryan, Vardan and others},
	Collaboration = {CMS},
	Doi = {10.1103/PhysRevLett.113.262301},
	Eprint = {1410.1804},
	Journal = {Phys.Rev.Lett.},
	Number = {26},
	Pages = {262301},
	Primaryclass = {nucl-ex},
	Reportnumber = {CMS-HIN-12-007, CERN-PH-EP-2014-240},
	Slaccitation = {%%CITATION = ARXIV:1410.1804;%%},
	Title = {{Measurement of Prompt $\psi(2S) \to J/\psi$ Yield Ratios in Pb-Pb and $p-p$ Collisions at $\sqrt {s_{NN}}=$ 2.76 TeV}},
	Volume = {113},
	Year = {2014},
	Bdsk-Url-1 = {http://dx.doi.org/10.1103/PhysRevLett.113.262301}}

@article{Chatrchyan:2014csa,
	Archiveprefix = {arXiv},
	Author = {Chatrchyan, Serguei and others},
	Collaboration = {CMS},
	Doi = {10.1007/JHEP03(2015)022},
	Eprint = {1410.4825},
	Journal = {JHEP},
	Pages = {022},
	Primaryclass = {nucl-ex},
	Reportnumber = {CMS-HIN-13-004, CERN-PH-EP-2014-235},
	Slaccitation = {%%CITATION = ARXIV:1410.4825;%%},
	Title = {{Study of Z production in PbPb and pp collisions at $ \sqrt{s_{\mathrm{NN}}}=2.76 $ TeV in the dimuon and dielectron decay channels}},
	Volume = {1503},
	Year = {2015},
	Bdsk-Url-1 = {http://dx.doi.org/10.1007/JHEP03(2015)022}}

@article{Chatrchyan:2013kba,
	Archiveprefix = {arXiv},
	Author = {Chatrchyan, Serguei and others},
	Collaboration = {CMS},
	Doi = {10.1103/PhysRevC.89.044906},
	Eprint = {1310.8651},
	Journal = {Phys.Rev.},
	Number = {4},
	Pages = {044906},
	Primaryclass = {nucl-ex},
	Reportnumber = {CMS-HIN-11-005, CERN-PH-EP-2013-196},
	Slaccitation = {%%CITATION = ARXIV:1310.8651;%%},
	Title = {{Measurement of higher-order harmonic azimuthal anisotropy in PbPb collisions at $\sqrt{s_{NN}}$ = 2.76 TeV}},
	Volume = {C89},
	Year = {2014},
	Bdsk-Url-1 = {http://dx.doi.org/10.1103/PhysRevC.89.044906}}

@article{Chatrchyan:2013kwa,
	Archiveprefix = {arXiv},
	Author = {Chatrchyan, Serguei and others},
	Collaboration = {CMS},
	Doi = {10.1016/j.physletb.2014.01.042},
	Eprint = {1310.0878},
	Journal = {Phys.Lett.},
	Pages = {243-263},
	Primaryclass = {nucl-ex},
	Reportnumber = {CERN-PH-EP-2013-189, CMS-HIN-12-002},
	Slaccitation = {%%CITATION = ARXIV:1310.0878;%%},
	Title = {{Modification of jet shapes in PbPb collisions at $\sqrt {s_{NN}} = 2.76$ TeV}},
	Volume = {B730},
	Year = {2014},
	Bdsk-Url-1 = {http://dx.doi.org/10.1016/j.physletb.2014.01.042}}

@article{Chatrchyan:2013eya,
	Archiveprefix = {arXiv},
	Author = {Chatrchyan, Serguei and others},
	Collaboration = {CMS},
	Doi = {10.1140/epjc/s10052-014-2847-x},
	Eprint = {1307.3442},
	Journal = {Eur.Phys.J.},
	Number = {6},
	Pages = {2847},
	Primaryclass = {hep-ex},
	Reportnumber = {CMS-HIN-12-016, CERN-PH-EP-2013-096},
	Slaccitation = {%%CITATION = ARXIV:1307.3442;%%},
	Title = {{Study of the production of charged pions, kaons, and protons in pPb collisions at $\sqrt{s_{NN}} =\ $ 5.02 $\,\text {TeV}$}},
	Volume = {C74},
	Year = {2014},
	Bdsk-Url-1 = {http://dx.doi.org/10.1140/epjc/s10052-014-2847-x}}

@article{Chatrchyan:2013nka,
	Archiveprefix = {arXiv},
	Author = {Chatrchyan, Serguei and others},
	Collaboration = {CMS},
	Doi = {10.1016/j.physletb.2013.06.028},
	Eprint = {1305.0609},
	Journal = {Phys.Lett.},
	Pages = {213-240},
	Primaryclass = {nucl-ex},
	Reportnumber = {CMS-HIN-13-002, CERN-PH-EP-2013-077},
	Slaccitation = {%%CITATION = ARXIV:1305.0609;%%},
	Title = {{Multiplicity and transverse momentum dependence of two- and four-particle correlations in pPb and PbPb collisions}},
	Volume = {B724},
	Year = {2013},
	Bdsk-Url-1 = {http://dx.doi.org/10.1016/j.physletb.2013.06.028}}

@article{Chatrchyan:2012vqa,
	Archiveprefix = {arXiv},
	Author = {Chatrchyan, Serguei and others},
	Collaboration = {CMS},
	Doi = {10.1103/PhysRevLett.110.042301},
	Eprint = {1208.2470},
	Journal = {Phys.Rev.Lett.},
	Number = {4},
	Pages = {042301},
	Primaryclass = {nucl-ex},
	Reportnumber = {CMS-HIN-11-009, CERN-PH-EP-2012-231},
	Slaccitation = {%%CITATION = ARXIV:1208.2470;%%},
	Title = {{Measurement of the azimuthal anisotropy of neutral pions in PbPb collisions at $\sqrt{s_{NN}}=2.76$ TeV}},
	Volume = {110},
	Year = {2013},
	Bdsk-Url-1 = {http://dx.doi.org/10.1103/PhysRevLett.110.042301}}

@article{Chatrchyan:2012ta,
	Archiveprefix = {arXiv},
	Author = {Chatrchyan, Serguei and others},
	Collaboration = {CMS},
	Doi = {10.1103/PhysRevC.87.014902},
	Eprint = {1204.1409},
	Journal = {Phys.Rev.},
	Number = {1},
	Pages = {014902},
	Primaryclass = {nucl-ex},
	Reportnumber = {CMS-HIN-10-002, CERN-PH-EP-2012-095},
	Slaccitation = {%%CITATION = ARXIV:1204.1409;%%},
	Title = {{Measurement of the elliptic anisotropy of charged particles produced in PbPb collisions at $\sqrt{s}_{NN}$=2.76 TeV}},
	Volume = {C87},
	Year = {2013},
	Bdsk-Url-1 = {http://dx.doi.org/10.1103/PhysRevC.87.014902}}

@article{CMS:2012qk,
	Archiveprefix = {arXiv},
	Author = {Chatrchyan, Serguei and others},
	Collaboration = {CMS},
	Doi = {10.1016/j.physletb.2012.11.025},
	Eprint = {1210.5482},
	Journal = {Phys.Lett.},
	Pages = {795-814},
	Primaryclass = {nucl-ex},
	Reportnumber = {CMS-HIN-12-005, CERN-PH-EP-2012-320, CMS-HIN-12-015},
	Slaccitation = {%%CITATION = ARXIV:1210.5482;%%},
	Title = {{Observation of long-range near-side angular correlations in proton-lead collisions at the LHC}},
	Volume = {B718},
	Year = {2013},
	Bdsk-Url-1 = {http://dx.doi.org/10.1016/j.physletb.2012.11.025}}

@article{Chatrchyan:2012gt,
	Archiveprefix = {arXiv},
	Author = {Chatrchyan, Serguei and others},
	Collaboration = {CMS},
	Doi = {10.1016/j.physletb.2012.11.003},
	Eprint = {1205.0206},
	Journal = {Phys.Lett.},
	Pages = {773-794},
	Primaryclass = {nucl-ex},
	Reportnumber = {CMS-HIN-11-010, CERN-PH-EP-2012-089},
	Slaccitation = {%%CITATION = ARXIV:1205.0206;%%},
	Title = {{Studies of jet quenching using isolated-photon+jet correlations in PbPb and $pp$ collisions at $\sqrt{s_{NN}}=2.76$ TeV}},
	Volume = {B718},
	Year = {2013},
	Bdsk-Url-1 = {http://dx.doi.org/10.1016/j.physletb.2012.11.003}}

@article{Chatrchyan:2012lxa,
	Archiveprefix = {arXiv},
	Author = {Chatrchyan, Serguei and others},
	Collaboration = {CMS},
	Doi = {10.1103/PhysRevLett.109.222301},
	Eprint = {1208.2826},
	Journal = {Phys.Rev.Lett.},
	Pages = {222301},
	Primaryclass = {nucl-ex},
	Reportnumber = {CMS-HIN-11-011, CERN-PH-EP-2012-228},
	Slaccitation = {%%CITATION = ARXIV:1208.2826;%%},
	Title = {{Observation of sequential Upsilon suppression in PbPb collisions}},
	Volume = {109},
	Year = {2012},
	Bdsk-Url-1 = {http://dx.doi.org/10.1103/PhysRevLett.109.222301}}

@article{Chatrchyan:2012gw,
	Archiveprefix = {arXiv},
	Author = {Chatrchyan, Serguei and others},
	Collaboration = {CMS},
	Doi = {10.1007/JHEP10(2012)087},
	Eprint = {1205.5872},
	Journal = {JHEP},
	Pages = {087},
	Primaryclass = {nucl-ex},
	Reportnumber = {CMS-HIN-11-004, CERN-PH-EP-2012-143},
	Slaccitation = {%%CITATION = ARXIV:1205.5872;%%},
	Title = {{Measurement of jet fragmentation into charged particles in $pp$ and PbPb collisions at $\sqrt{s_{NN}}=2.76$ TeV}},
	Volume = {1210},
	Year = {2012},
	Bdsk-Url-1 = {http://dx.doi.org/10.1007/JHEP10(2012)087}}

@article{Chatrchyan:2012mb,
	Archiveprefix = {arXiv},
	Author = {Chatrchyan, Serguei and others},
	Collaboration = {CMS},
	Doi = {10.1103/PhysRevLett.109.152303},
	Eprint = {1205.2488},
	Journal = {Phys.Rev.Lett.},
	Pages = {152303},
	Primaryclass = {nucl-ex},
	Reportnumber = {CMS-HIN-11-003, CERN-PH-EP-2012-116},
	Slaccitation = {%%CITATION = ARXIV:1205.2488;%%},
	Title = {{Measurement of the pseudorapidity and centrality dependence of the transverse energy density in PbPb collisions at $\sqrt{s_{NN}}=2.76$ TeV}},
	Volume = {109},
	Year = {2012},
	Bdsk-Url-1 = {http://dx.doi.org/10.1103/PhysRevLett.109.152303}}

@article{Chatrchyan:2012nt,
	Archiveprefix = {arXiv},
	Author = {Chatrchyan, Serguei and others},
	Collaboration = {CMS},
	Doi = {10.1016/j.physletb.2012.07.025},
	Eprint = {1205.6334},
	Journal = {Phys.Lett.},
	Pages = {66-87},
	Primaryclass = {nucl-ex},
	Reportnumber = {CMS-HIN-11-008, CERN-PH-EP-2012-144},
	Slaccitation = {%%CITATION = ARXIV:1205.6334;%%},
	Title = {{Study of $W$ boson production in PbPb and $pp$ collisions at $\sqrt{s_{NN}}=2.76$ TeV}},
	Volume = {B715},
	Year = {2012},
	Bdsk-Url-1 = {http://dx.doi.org/10.1016/j.physletb.2012.07.025}}

@article{Chatrchyan:2012xq,
	Archiveprefix = {arXiv},
	Author = {Chatrchyan, Serguei and others},
	Collaboration = {CMS},
	Doi = {10.1103/PhysRevLett.109.022301},
	Eprint = {1204.1850},
	Journal = {Phys.Rev.Lett.},
	Pages = {022301},
	Primaryclass = {nucl-ex},
	Reportnumber = {CMS-HIN-11-012, CERN-PH-EP-2012-096},
	Slaccitation = {%%CITATION = ARXIV:1204.1850;%%},
	Title = {{Azimuthal anisotropy of charged particles at high transverse momenta in PbPb collisions at $\sqrt{s_{NN}}=2.76$ TeV}},
	Volume = {109},
	Year = {2012},
	Bdsk-Url-1 = {http://dx.doi.org/10.1103/PhysRevLett.109.022301}}

@article{Chatrchyan:2012nia,
	Archiveprefix = {arXiv},
	Author = {Chatrchyan, Serguei and others},
	Collaboration = {CMS},
	Doi = {10.1016/j.physletb.2012.04.058},
	Eprint = {1202.5022},
	Journal = {Phys.Lett.},
	Pages = {176-197},
	Primaryclass = {nucl-ex},
	Reportnumber = {CMS-HIN-11-013, CERN-PH-EP-2012-042},
	Slaccitation = {%%CITATION = ARXIV:1202.5022;%%},
	Title = {{Jet momentum dependence of jet quenching in PbPb collisions at $\sqrt{s_{NN}}=2.76$ TeV}},
	Volume = {B712},
	Year = {2012},
	Bdsk-Url-1 = {http://dx.doi.org/10.1016/j.physletb.2012.04.058}}

@article{CMS:2012aa,
	Archiveprefix = {arXiv},
	Author = {Chatrchyan, Serguei and others},
	Collaboration = {CMS},
	Doi = {10.1140/epjc/s10052-012-1945-x},
	Eprint = {1202.2554},
	Journal = {Eur.Phys.J.},
	Pages = {1945},
	Primaryclass = {nucl-ex},
	Reportnumber = {CMS-HIN-10-005, CERN-PH-EP-2012-043},
	Slaccitation = {%%CITATION = ARXIV:1202.2554;%%},
	Title = {{Study of high-pT charged particle suppression in PbPb compared to $pp$ collisions at $\sqrt{s_{NN}}=2.76$ TeV}},
	Volume = {C72},
	Year = {2012},
	Bdsk-Url-1 = {http://dx.doi.org/10.1140/epjc/s10052-012-1945-x}}

@article{Chatrchyan:2012np,
	Archiveprefix = {arXiv},
	Author = {Chatrchyan, Serguei and others},
	Collaboration = {CMS},
	Doi = {10.1007/JHEP05(2012)063, 10.1007/JHEP05(2012)063},
	Eprint = {1201.5069},
	Journal = {JHEP},
	Pages = {063},
	Primaryclass = {nucl-ex},
	Reportnumber = {CMS-HIN-10-006, CERN-PH-EP-2011-170},
	Slaccitation = {%%CITATION = ARXIV:1201.5069;%%},
	Title = {{Suppression of non-prompt $J/\psi$, prompt $J/\psi$, and Y(1S) in PbPb collisions at $\sqrt{s_{NN}}=2.76$ TeV}},
	Volume = {1205},
	Year = {2012},
	Bdsk-Url-1 = {http://dx.doi.org/10.1007/JHEP05(2012)063,%2010.1007/JHEP05(2012)063}}

@article{Chatrchyan:2012vq,
	Archiveprefix = {arXiv},
	Author = {Chatrchyan, Serguei and others},
	Collaboration = {CMS},
	Doi = {10.1016/j.physletb.2012.02.077},
	Eprint = {1201.3093},
	Journal = {Phys.Lett.},
	Pages = {256-277},
	Primaryclass = {nucl-ex},
	Reportnumber = {CMS-HIN-11-002, CERN-PH-EP-2011-221},
	Slaccitation = {%%CITATION = ARXIV:1201.3093;%%},
	Title = {{Measurement of isolated photon production in $pp$ and PbPb collisions at $\sqrt{s_{NN}}=2.76$ TeV}},
	Volume = {B710},
	Year = {2012},
	Bdsk-Url-1 = {http://dx.doi.org/10.1016/j.physletb.2012.02.077}}

@article{Chatrchyan:2012wg,
	Archiveprefix = {arXiv},
	Author = {Chatrchyan, Serguei and others},
	Collaboration = {CMS},
	Doi = {10.1140/epjc/s10052-012-2012-3},
	Eprint = {1201.3158},
	Journal = {Eur.Phys.J.},
	Pages = {2012},
	Primaryclass = {nucl-ex},
	Reportnumber = {CMS-HIN-11-006, CERN-PH-EP-2011-222},
	Slaccitation = {%%CITATION = ARXIV:1201.3158;%%},
	Title = {{Centrality dependence of dihadron correlations and azimuthal anisotropy harmonics in PbPb collisions at $\sqrt{s_{NN}}=2.76$ TeV}},
	Volume = {C72},
	Year = {2012},
	Bdsk-Url-1 = {http://dx.doi.org/10.1140/epjc/s10052-012-2012-3}}

@article{Chatrchyan:2011pb,
	Archiveprefix = {arXiv},
	Author = {Chatrchyan, Serguei and others},
	Collaboration = {CMS},
	Doi = {10.1007/JHEP08(2011)141},
	Eprint = {1107.4800},
	Journal = {JHEP},
	Pages = {141},
	Primaryclass = {nucl-ex},
	Reportnumber = {CERN-PH-EP-2011-092, CMS-HIN-10-001},
	Slaccitation = {%%CITATION = ARXIV:1107.4800;%%},
	Title = {{Dependence on pseudorapidity and centrality of charged hadron production in PbPb collisions at a nucleon-nucleon centre-of-mass energy of 2.76 TeV}},
	Volume = {1108},
	Year = {2011},
	Bdsk-Url-1 = {http://dx.doi.org/10.1007/JHEP08(2011)141}}

@article{Chatrchyan:2011pe,
	Archiveprefix = {arXiv},
	Author = {Chatrchyan, Serguei and others},
	Collaboration = {CMS},
	Doi = {10.1103/PhysRevLett.107.052302},
	Eprint = {1105.4894},
	Journal = {Phys.Rev.Lett.},
	Pages = {052302},
	Primaryclass = {nucl-ex},
	Reportnumber = {CERN-PH-EP-2011-074, CMS-HIN-11-007},
	Slaccitation = {%%CITATION = ARXIV:1105.4894;%%},
	Title = {{Indications of suppression of excited $\Upsilon$ states in PbPb collisions at $\sqrt{S_{NN}}$ = 2.76 TeV}},
	Volume = {107},
	Year = {2011},
	Bdsk-Url-1 = {http://dx.doi.org/10.1103/PhysRevLett.107.052302}}

@article{Chatrchyan:2011eka,
	Archiveprefix = {arXiv},
	Author = {Chatrchyan, Serguei and others},
	Collaboration = {CMS},
	Doi = {10.1007/JHEP07(2011)076},
	Eprint = {1105.2438},
	Journal = {JHEP},
	Pages = {076},
	Primaryclass = {nucl-ex},
	Reportnumber = {CERN-PH-EP-2011-056, CMS-HIN-11-001},
	Slaccitation = {%%CITATION = ARXIV:1105.2438;%%},
	Title = {{Long-range and short-range dihadron angular correlations in central PbPb collisions at a nucleon-nucleon center of mass energy of 2.76 TeV}},
	Volume = {1107},
	Year = {2011},
	Bdsk-Url-1 = {http://dx.doi.org/10.1007/JHEP07(2011)076}}

@article{Chatrchyan:2011ua,
	Archiveprefix = {arXiv},
	Author = {Chatrchyan, Serguei and others},
	Collaboration = {CMS},
	Doi = {10.1103/PhysRevLett.106.212301},
	Eprint = {1102.5435},
	Journal = {Phys.Rev.Lett.},
	Pages = {212301},
	Primaryclass = {nucl-ex},
	Reportnumber = {CERN-PH-EP-2011-003, CMS-HIN-10-003},
	Slaccitation = {%%CITATION = ARXIV:1102.5435;%%},
	Title = {{Study of Z boson production in PbPb collisions at $\sqrt{s_{NN}}$ = 2.76 TeV}},
	Volume = {106},
	Year = {2011},
	Bdsk-Url-1 = {http://dx.doi.org/10.1103/PhysRevLett.106.212301}}

@article{Chatrchyan:2011sx,
	Archiveprefix = {arXiv},
	Author = {Chatrchyan, Serguei and others},
	Collaboration = {CMS},
	Doi = {10.1103/PhysRevC.84.024906},
	Eprint = {1102.1957},
	Journal = {Phys.Rev.},
	Pages = {024906},
	Primaryclass = {nucl-ex},
	Reportnumber = {CERN-PH-EP-2011-001, CMS-HIN-10-004},
	Slaccitation = {%%CITATION = ARXIV:1102.1957;%%},
	Title = {{Observation and studies of jet quenching in PbPb collisions at nucleon-nucleon center-of-mass energy = 2.76 TeV}},
	Volume = {C84},
	Year = {2011},
	Bdsk-Url-1 = {http://dx.doi.org/10.1103/PhysRevC.84.024906}}

@article{Chatrchyan:2012tt,
	Archiveprefix = {arXiv},
	Author = {Chatrchyan, Serguei and others},
	Collaboration = {CMS},
	Date-Modified = {2015-11-08 21:09:33 +0000},
	Doi = {10.1007/JHEP08(2012)130},
	Eprint = {1207.2392},
	Journal = {JHEP},
	Pages = {130},
	Primaryclass = {hep-ex},
	Reportnumber = {CMS-QCD-10-021, CERN-PH-EP-2012-152},
	Slaccitation = {%%CITATION = ARXIV:1207.2392;%%},
	Title = {{Measurement of the underlying event activity in pp collisions at $\sqrt{\rm s}=0.9$ and $7$~TeV with the novel jet-area/median approach}},
	Volume = {1208},
	Year = {2012},
	Bdsk-Url-1 = {http://dx.doi.org/10.1007/JHEP08(2012)130}}

@article{Khachatryan:2010gv,
	Archiveprefix = {arXiv},
	Author = {Khachatryan, Vardan and others},
	Collaboration = {CMS},
	Doi = {10.1007/JHEP09(2010)091},
	Eprint = {1009.4122},
	Journal = {JHEP},
	Pages = {091},
	Primaryclass = {hep-ex},
	Reportnumber = {CMS-QCD-10-002, CERN-PH-EP-2010-031},
	Slaccitation = {%%CITATION = ARXIV:1009.4122;%%},
	Title = {{Observation of Long-Range Near-Side Angular Correlations in Proton-Proton Collisions at the LHC}},
	Volume = {1009},
	Year = {2010},
	Bdsk-Url-1 = {http://dx.doi.org/10.1007/JHEP09(2010)091}}

@article{Aad:2015wga,
	Archiveprefix = {arXiv},
	Author = {Aad, Georges and others},
	Collaboration = {ATLAS},
	Eprint = {1504.04337},
	Primaryclass = {hep-ex},
	Reportnumber = {CERN-PH-EP-2015-032},
	Slaccitation = {%%CITATION = ARXIV:1504.04337;%%},
	Title = {{Measurement of charged-particle spectra in Pb+Pb collisions at $\sqrt{{s}_\mathsf{{NN}}} = 2.76$ TeV with the ATLAS detector at the LHC}},
	Year = {2015}}

@article{ATLAS:2014cpa,
	Archiveprefix = {arXiv},
	Author = {Aad, Georges and others},
	Collaboration = {ATLAS},
	Eprint = {1412.4092},
	Primaryclass = {hep-ex},
	Reportnumber = {CERN-PH-EP-2014-275},
	Slaccitation = {%%CITATION = ARXIV:1412.4092;%%},
	Title = {{Centrality and rapidity dependence of inclusive jet production in $\sqrt{s_\mathrm{NN}}$ = 5.02 TeV proton--lead collisions with the ATLAS detector}},
	Year = {2014}}

@article{Aad:2014bxa,
	Archiveprefix = {arXiv},
	Author = {Aad, Georges and others},
	Collaboration = {ATLAS},
	Doi = {10.1103/PhysRevLett.114.072302},
	Eprint = {1411.2357},
	Journal = {Phys.Rev.Lett.},
	Number = {7},
	Pages = {072302},
	Primaryclass = {hep-ex},
	Reportnumber = {CERN-PH-EP-2014-172},
	Slaccitation = {%%CITATION = ARXIV:1411.2357;%%},
	Title = {{Measurements of the Nuclear Modification Factor for Jets in Pb+Pb Collisions at $\sqrt{s_{\mathrm{NN}}}=2.76$ TeV with the ATLAS Detector}},
	Volume = {114},
	Year = {2015},
	Bdsk-Url-1 = {http://dx.doi.org/10.1103/PhysRevLett.114.072302}}

@article{Aad:2014lta,
	Archiveprefix = {arXiv},
	Author = {Aad, Georges and others},
	Collaboration = {ATLAS},
	Doi = {10.1103/PhysRevC.90.044906},
	Eprint = {1409.1792},
	Journal = {Phys.Rev.},
	Number = {4},
	Pages = {044906},
	Primaryclass = {hep-ex},
	Reportnumber = {CERN-PH-EP-2014-201},
	Slaccitation = {%%CITATION = ARXIV:1409.1792;%%},
	Title = {{Measurement of long-range pseudorapidity correlations and azimuthal harmonics in $\sqrt{s_{NN}}=5.02$ TeV proton-lead collisions with the ATLAS detector}},
	Volume = {C90},
	Year = {2014},
	Bdsk-Url-1 = {http://dx.doi.org/10.1103/PhysRevC.90.044906}}

@article{Aad:2014bha,
	Archiveprefix = {arXiv},
	Author = {Aad, Georges and others},
	Collaboration = {ATLAS},
	Doi = {10.1140/epjc/s10052-014-3231-6},
	Eprint = {1408.4674},
	Journal = {Eur.Phys.J.},
	Number = {1},
	Pages = {23},
	Primaryclass = {hep-ex},
	Reportnumber = {CERN-PH-EP-2014-156},
	Slaccitation = {%%CITATION = ARXIV:1408.4674;%%},
	Title = {{Measurement of the production and lepton charge asymmetry of $W$ bosons in Pb+Pb collisions at $\mathbf {\sqrt{\mathbf {s}_{\mathrm {\mathbf {NN}}}}=2.76\;TeV}$ with the ATLAS detector}},
	Volume = {C75},
	Year = {2015},
	Bdsk-Url-1 = {http://dx.doi.org/10.1140/epjc/s10052-014-3231-6}}

@article{Aad:2014vba,
	Archiveprefix = {arXiv},
	Author = {Aad, Georges and others},
	Collaboration = {ATLAS},
	Doi = {10.1140/epjc/s10052-014-3157-z},
	Eprint = {1408.4342},
	Journal = {Eur.Phys.J.},
	Number = {11},
	Pages = {3157},
	Primaryclass = {hep-ex},
	Reportnumber = {CERN-PH-EP-2014-171},
	Slaccitation = {%%CITATION = ARXIV:1408.4342;%%},
	Title = {{Measurement of flow harmonics with multi-particle cumulants in Pb+Pb collisions at $\sqrt{s_{\mathrm{NN}}}=2.76$ TeV with the ATLAS detector}},
	Volume = {C74},
	Year = {2014},
	Bdsk-Url-1 = {http://dx.doi.org/10.1140/epjc/s10052-014-3157-z}}

@article{Aad:2014wha,
	Archiveprefix = {arXiv},
	Author = {Aad, Georges and others},
	Collaboration = {ATLAS},
	Doi = {10.1016/j.physletb.2014.10.065},
	Eprint = {1406.2979},
	Journal = {Phys.Lett.},
	Pages = {320-342},
	Primaryclass = {hep-ex},
	Reportnumber = {CERN-PH-EP-2014-101},
	Slaccitation = {%%CITATION = ARXIV:1406.2979;%%},
	Title = {{Measurement of inclusive jet charged-particle fragmentation functions in Pb+Pb collisions at $\sqrt{s_{NN}} = 2.76$ TeV with the ATLAS detector}},
	Volume = {B739},
	Year = {2014},
	Bdsk-Url-1 = {http://dx.doi.org/10.1016/j.physletb.2014.10.065}}

@article{Aad:2014eoa,
	Archiveprefix = {arXiv},
	Author = {Aad, Georges and others},
	Collaboration = {ATLAS},
	Doi = {10.1140/epjc/s10052-014-2982-4},
	Eprint = {1405.3936},
	Journal = {Eur.Phys.J.},
	Number = {8},
	Pages = {2982},
	Primaryclass = {hep-ex},
	Reportnumber = {CERN-PH-EP-2014-065},
	Slaccitation = {%%CITATION = ARXIV:1405.3936;%%},
	Title = {{Measurement of the centrality and pseudorapidity dependence of the integrated elliptic flow in lead-lead collisions at $\sqrt{s_{\mathrm {NN}}}=2.76$ TeV with the ATLAS detector}},
	Volume = {C74},
	Year = {2014},
	Bdsk-Url-1 = {http://dx.doi.org/10.1140/epjc/s10052-014-2982-4}}

@article{Aad:2014fla,
	Archiveprefix = {arXiv},
	Author = {Aad, Georges and others},
	Collaboration = {ATLAS},
	Doi = {10.1103/PhysRevC.90.024905},
	Eprint = {1403.0489},
	Journal = {Phys.Rev.},
	Number = {2},
	Pages = {024905},
	Primaryclass = {hep-ex},
	Reportnumber = {CERN-PH-EP-2014-021},
	Slaccitation = {%%CITATION = ARXIV:1403.0489;%%},
	Title = {{Measurement of event-plane correlations in $\sqrt{s_{NN}}=2.76$ TeV lead-lead collisions with the ATLAS detector}},
	Volume = {C90},
	Year = {2014},
	Bdsk-Url-1 = {http://dx.doi.org/10.1103/PhysRevC.90.024905}}

@article{Aad:2013sla,
	Archiveprefix = {arXiv},
	Author = {Aad, Georges and others},
	Collaboration = {ATLAS},
	Doi = {10.1103/PhysRevLett.111.152301},
	Eprint = {1306.6469},
	Journal = {Phys.Rev.Lett.},
	Number = {15},
	Pages = {152301},
	Primaryclass = {hep-ex},
	Reportnumber = {CERN-PH-EP-2013-081},
	Slaccitation = {%%CITATION = ARXIV:1306.6469;%%},
	Title = {{Measurement of the Azimuthal Angle Dependence of Inclusive Jet Yields in Pb+Pb Collisions at $\sqrt{s_{NN}}=$ 2.76 TeV with the ATLAS detector}},
	Volume = {111},
	Year = {2013},
	Bdsk-Url-1 = {http://dx.doi.org/10.1103/PhysRevLett.111.152301}}

@article{Aad:2013xma,
	Archiveprefix = {arXiv},
	Author = {Aad, Georges and others},
	Collaboration = {ATLAS},
	Doi = {10.1007/JHEP11(2013)183},
	Eprint = {1305.2942},
	Journal = {JHEP},
	Pages = {183},
	Primaryclass = {hep-ex},
	Reportnumber = {CERN-PH-EP-2013-04},
	Slaccitation = {%%CITATION = ARXIV:1305.2942;%%},
	Title = {{Measurement of the distributions of event-by-event flow harmonics in lead-lead collisions at = 2.76 TeV with the ATLAS detector at the LHC}},
	Volume = {1311},
	Year = {2013},
	Bdsk-Url-1 = {http://dx.doi.org/10.1007/JHEP11(2013)183}}

@article{Aad:2013fja,
	Archiveprefix = {arXiv},
	Author = {Aad, Georges and others},
	Collaboration = {ATLAS},
	Doi = {10.1016/j.physletb.2013.06.057},
	Eprint = {1303.2084},
	Journal = {Phys.Lett.},
	Pages = {60-78},
	Primaryclass = {hep-ex},
	Reportnumber = {CERN-PH-EP-2013-029},
	Slaccitation = {%%CITATION = ARXIV:1303.2084;%%},
	Title = {{Measurement with the ATLAS detector of multi-particle azimuthal correlations in p+Pb collisions at $sqrt(s_{NN})$=5.02 TeV}},
	Volume = {B725},
	Year = {2013},
	Bdsk-Url-1 = {http://dx.doi.org/10.1016/j.physletb.2013.06.057}}

@article{Aad:2012gla,
	Archiveprefix = {arXiv},
	Author = {Aad, Georges and others},
	Collaboration = {ATLAS},
	Doi = {10.1103/PhysRevLett.110.182302},
	Eprint = {1212.5198},
	Journal = {Phys.Rev.Lett.},
	Number = {18},
	Pages = {182302},
	Primaryclass = {hep-ex},
	Reportnumber = {CERN-PH-EP-2012-366},
	Slaccitation = {%%CITATION = ARXIV:1212.5198;%%},
	Title = {{Observation of Associated Near-Side and Away-Side Long-Range Correlations in $\sqrt{s_{NN}}$=5.02 TeV Proton-Lead Collisions with the ATLAS Detector}},
	Volume = {110},
	Year = {2013},
	Bdsk-Url-1 = {http://dx.doi.org/10.1103/PhysRevLett.110.182302}}

@article{Aad:2012ew,
	Archiveprefix = {arXiv},
	Author = {Aad, Georges and others},
	Collaboration = {ATLAS},
	Doi = {10.1103/PhysRevLett.110.022301},
	Eprint = {1210.6486},
	Journal = {Phys.Rev.Lett.},
	Number = {2},
	Pages = {022301},
	Primaryclass = {hep-ex},
	Reportnumber = {CERN-PH-EP-2012-223},
	Slaccitation = {%%CITATION = ARXIV:1210.6486;%%},
	Title = {{Measurement of $Z$ boson Production in Pb+Pb Collisions at $\sqrt{s_{NN}}=2.76$ TeV with the ATLAS Detector}},
	Volume = {110},
	Year = {2013},
	Bdsk-Url-1 = {http://dx.doi.org/10.1103/PhysRevLett.110.022301}}

@article{Aad:2012vca,
	Archiveprefix = {arXiv},
	Author = {Aad, Georges and others},
	Collaboration = {ATLAS},
	Doi = {10.1016/j.physletb.2013.01.024},
	Eprint = {1208.1967},
	Journal = {Phys.Lett.},
	Pages = {220-241},
	Primaryclass = {hep-ex},
	Reportnumber = {CERN-PH-EP-2012-134},
	Slaccitation = {%%CITATION = ARXIV:1208.1967;%%},
	Title = {{Measurement of the jet radius and transverse momentum dependence of inclusive jet suppression in lead-lead collisions at $\sqrt{s_{NN}}$= 2.76 TeV with the ATLAS detector}},
	Volume = {B719},
	Year = {2013},
	Bdsk-Url-1 = {http://dx.doi.org/10.1016/j.physletb.2013.01.024}}

@article{ATLAS:2012at,
	Archiveprefix = {arXiv},
	Author = {Aad, Georges and others},
	Collaboration = {ATLAS},
	Doi = {10.1103/PhysRevC.86.014907},
	Eprint = {1203.3087},
	Journal = {Phys.Rev.},
	Pages = {014907},
	Primaryclass = {hep-ex},
	Reportnumber = {CERN-PH-EP-2012-035},
	Slaccitation = {%%CITATION = ARXIV:1203.3087;%%},
	Title = {{Measurement of the azimuthal anisotropy for charged particle production in $\sqrt{s_{NN}}=2.76$ TeV lead-lead collisions with the ATLAS detector}},
	Volume = {C86},
	Year = {2012},
	Bdsk-Url-1 = {http://dx.doi.org/10.1103/PhysRevC.86.014907}}

@article{ATLAS:2011ag,
	Archiveprefix = {arXiv},
	Author = {Aad, Georges and others},
	Collaboration = {ATLAS},
	Doi = {10.1016/j.physletb.2012.02.045},
	Eprint = {1108.6027},
	Journal = {Phys.Lett.},
	Pages = {363-382},
	Primaryclass = {hep-ex},
	Reportnumber = {CERN-PH-EP-2011-118},
	Slaccitation = {%%CITATION = ARXIV:1108.6027;%%},
	Title = {{Measurement of the centrality dependence of the charged particle pseudorapidity distribution in lead-lead collisions at $\sqrt{s_{NN}}=2.76$ TeV with the ATLAS detector}},
	Volume = {B710},
	Year = {2012},
	Bdsk-Url-1 = {http://dx.doi.org/10.1016/j.physletb.2012.02.045}}

@article{ATLAS:2011ah,
	Archiveprefix = {arXiv},
	Author = {Aad, Georges and others},
	Collaboration = {ATLAS},
	Doi = {10.1016/j.physletb.2011.12.056},
	Eprint = {1108.6018},
	Journal = {Phys.Lett.},
	Pages = {330-348},
	Primaryclass = {hep-ex},
	Reportnumber = {CERN-PH-EP-2011-124},
	Slaccitation = {%%CITATION = ARXIV:1108.6018;%%},
	Title = {{Measurement of the pseudorapidity and transverse momentum dependence of the elliptic flow of charged particles in lead-lead collisions at $\sqrt{s_{NN}}=2.76$ TeV with the ATLAS detector}},
	Volume = {B707},
	Year = {2012},
	Bdsk-Url-1 = {http://dx.doi.org/10.1016/j.physletb.2011.12.056}}

@article{Aad:2010aa,
	Archiveprefix = {arXiv},
	Author = {Aad, G. and others},
	Collaboration = {ATLAS},
	Doi = {10.1016/j.physletb.2011.02.006},
	Eprint = {1012.5419},
	Journal = {Phys.Lett.},
	Pages = {294-312},
	Primaryclass = {hep-ex},
	Reportnumber = {CERN-PH-EP-2010-090},
	Slaccitation = {%%CITATION = ARXIV:1012.5419;%%},
	Title = {{Measurement of the centrality dependence of J/{\psi} yields and observation of Z production in lead-lead collisions with the ATLAS detector at the LHC}},
	Volume = {B697},
	Year = {2011},
	Bdsk-Url-1 = {http://dx.doi.org/10.1016/j.physletb.2011.02.006}}

@article{Aad:2010bu,
	Archiveprefix = {arXiv},
	Author = {Aad, Georges and others},
	Collaboration = {ATLAS},
	Doi = {10.1103/PhysRevLett.105.252303},
	Eprint = {1011.6182},
	Journal = {Phys.Rev.Lett.},
	Pages = {252303},
	Primaryclass = {hep-ex},
	Slaccitation = {%%CITATION = ARXIV:1011.6182;%%},
	Title = {{Observation of a Centrality-Dependent Dijet Asymmetry in Lead-Lead Collisions at $\sqrt{s_{NN}}=2.77$ TeV with the ATLAS Detector at the LHC}},
	Volume = {105},
	Year = {2010},
	Bdsk-Url-1 = {http://dx.doi.org/10.1103/PhysRevLett.105.252303}}

@article{Cacciari:2011ma,
	Archiveprefix = {arXiv},
	Author = {Cacciari, Matteo and Salam, Gavin P. and Soyez, Gregory},
	Date-Modified = {2015-11-08 18:22:19 +0000},
	Doi = {10.1140/epjc/s10052-012-1896-2},
	Eprint = {1111.6097},
	Journal = {Eur.~Phys.~J.},
	Pages = {1896},
	Primaryclass = {hep-ph},
	Reportnumber = {CERN-PH-TH-2011-297},
	Slaccitation = {%%CITATION = ARXIV:1111.6097;%%},
	Title = {{FastJet User Manual}},
	Volume = {C72},
	Year = {2012},
	Bdsk-Url-1 = {http://dx.doi.org/10.1140/epjc/s10052-012-1896-2}}

@article{Cacciari:2005hq,
	Archiveprefix = {arXiv},
	Author = {Cacciari, Matteo and Salam, Gavin P.},
	Date-Modified = {2015-11-08 18:21:53 +0000},
	Doi = {10.1016/j.physletb.2006.08.037},
	Eprint = {hep-ph/0512210},
	Journal = {Phys.~Lett.},
	Pages = {57-61},
	Primaryclass = {hep-ph},
	Reportnumber = {LPTHE-05-32},
	Slaccitation = {%%CITATION = HEP-PH/0512210;%%},
	Title = {{Dispelling the $N^{3}$ myth for the $k_{\rm T}$ jet-finder}},
	Volume = {B641},
	Year = {2006},
	Bdsk-Url-1 = {http://dx.doi.org/10.1016/j.physletb.2006.08.037}}
